% This file was created with JabRef 2.10.
% Encoding: Cp1252


@Article{Armstrong_1992,
  Author                   = {D. Armstrong et. al.},
  Journal                  = {J. Chem. Soc.},
  Year                     = {1992},
  Pages                    = {262~--~264},

  Owner                    = {asc},
  Timestamp                = {2011.10.10}
}

@Article{Adri_2009,
  Author                   = {A. Ruff,},
  Journal                  = {unveröffentlichte Synthesevorschrift, Universität Tübingen},
  Year                     = {2009},

  Owner                    = {asc},
  Timestamp                = {2011.09.26}
}

@TechReport{Metrohm,
  Title                    = {Elektrodentips zu rotierender Scheibenelektrode},
  Author                   = {Metrohm AG},
  Institution              = {Herisau, Schweiz},
  Year                     = {ohne Jahr},

  Owner                    = {Internet},
  Timestamp                = {2015.07.16}
}

@Article{Amatore_1978,
  Title                    = {Do ECE mechanisms occur in conditions where they could be characterized by electrochemical kinetic techniques},
  Author                   = {C. Amatore and J. Saveant},
  Journal                  = {J. Electroanal. Chem.},
  Year                     = {1978},
  Pages                    = {227~--~232},

  Owner                    = {Internet},
  Timestamp                = {2015.07.18}
}

@Book{Arends_2007,
  Title                    = {Green Chemistry and Catalysis},
  Author                   = {I. Arends and R. Sheldon and U. Hanefeld},
  Publisher                = {WILEY-VCH Verlag GmbH \& Co. KGaA, Weinheim},
  Year                     = {2007},

  Owner                    = {Internet},
  Timestamp                = {2015.07.07}
}

@Article{BaranskiFawcettGilbert,
  Title                    = {Use of microelectrodes for the rapid determination of the number of electrons involved in an electrode reaction},
  Author                   = {A. S. Baranski and W. R. Fawcett and C. M. Gilbert},
  Journal                  = {Anal. Chem.},
  Year                     = {1985},
  Pages                    = {166~--~170},
  Volume                   = {57},

  Doi                      = {10.1021/ac00279a041},
  Eprint                   = { 
 http://dx.doi.org/10.1021/ac00279a041
 
},
  Owner                    = {Internet},
  Timestamp                = {2015.07.02},
  Url                      = { 
 http://dx.doi.org/10.1021/ac00279a041
 
}
}

@Book{Bard/Faulkner_2001,
  Title                    = {Electrochemical Methods. Fundamentals and Applications},
  Author                   = {A.J. Bard and L.R. Faulkner},
  Publisher                = {Wiley},
  Year                     = {2001},

  Address                  = {New York},
  Edition                  = {2.},

  Checked                  = {+},
  Copy                     = {BS Bu189},
  Owner                    = {Simon},
  Pages                    = {286~--~293},
  Timestamp                = {2013.08.27}
}

@Book{Geiger_2013,
  Title                    = {Electroanalytical Chemistry: A Series of Advances},
  Author                   = {A. J. Bard and C. G. Zoski},
  Publisher                = {CRC Press},
  Year                     = {2013},

  Owner                    = {Internet},
  Timestamp                = {2015.07.07}
}

@Article{Barker_1952,
  Title                    = {Square-wave polarography},
  Author                   = {G. C. Barker and I. L. Jenkins},
  Journal                  = {Analyst},
  Year                     = {1952},
  Pages                    = {685~-~696},
  Volume                   = {77},

  Doi                      = {10.1039/AN9527700685},
  Issue                    = {920},
  Owner                    = {Internet},
  Publisher                = {The Royal Society of Chemistry},
  Timestamp                = {2015.07.02},
  Url                      = {http://dx.doi.org/10.1039/AN9527700685}
}

@InCollection{Basolo_1993,
  Title                    = {Retrospective Studies on Metal Complexes as Synthetic Dioxygen Carriers of Biological Interest},
  Author                   = {F. Basolo},
  Booktitle                = {Facets of Coordination Chemistry},
  Publisher                = {World Scientific},
  Year                     = {1993},

  Address                  = {Singapore},
  Chapter                  = {3},
  Editor                   = {B.V. Agarvala and K.N. Munshi},
  Pages                    = {24~--~45},

  Copy                     = {BS 2662},
  Keywords                 = {Co-Komplexe},
  Owner                    = {asc},
  Timestamp                = {2011.10.04}
}

@Article{Shibasaki_2008,
  Title                    = {A Bench-Stable Homodinuclear Ni2âˆ’Schiff Base Complex for Catalytic Asymmetric Synthesis of Î±-Tetrasubstituted anti-Î±,Î²-Diamino Acid Surrogates},
  Author                   = {Z. Chen and H. Morimoto and S. Matsunaga and M. Shibasaki},
  Journal                  = {J. Am. Chem. Soc.},
  Year                     = {2008},
  Pages                    = {2170~--~2171},
  Volume                   = {130},

  Doi                      = {10.1021/ja710398q},
  Eprint                   = { 
 http://dx.doi.org/10.1021/ja710398q
 
},
  Owner                    = {Internet},
  Timestamp                = {2015.07.05},
  Url                      = { 
 http://dx.doi.org/10.1021/ja710398q
 
}
}

@Article{Cohen_2005,
  Title                    = {Diffusions-NMR-Spektroskopie in der Supramolekularen und Kombinatorischen Chemie: ein alter Parameter â€“ neue Erkenntnisse},
  Author                   = {Y. Cohen and L. Avram and L. Frish},
  Journal                  = {Ang. Chem.},
  Year                     = {2005},
  Pages                    = {524~--~560},
  Volume                   = {117},

  Doi                      = {10.1002/ange.200300637},
  ISSN                     = {1521-3757},
  Keywords                 = {Kombinatorische Chemie, Molekulare Erkennung, NMR-Spektroskopie, Supramolekulare Chemie, Wirt-Gast-Systeme},
  Owner                    = {Internet},
  Publisher                = {WILEY-VCH Verlag},
  Timestamp                = {2015.07.05},
  Url                      = {http://dx.doi.org/10.1002/ange.200300637}
}

@Book{Wilson_1983,
  Title                    = {Anorganische Chemie - eine zusammenfassende Darstellung für Fortgeschrittene},
  Author                   = {F.A. Cotton and G. Wilkinson},
  Publisher                = {Wiley-VCH Verlag GmbH \& Co. KGaA},
  Year                     = {1983},
  Number                   = {3},
  Volume                   = {31},

  Doi                      = {10.1002/nadc.19830310314},
  ISSN                     = {1868-0054},
  Journal                  = {Nachrichten aus Chemie, Technik und Laboratorium},
  Owner                    = {Internet},
  Pages                    = {199--200},
  Timestamp                = {2015.07.23},
  Url                      = {http://dx.doi.org/10.1002/nadc.19830310314}
}

@Article{Duemmling_1996,
  Title                    = {Einführung in die Arbeitstechniken der Elektroanalytik im AK Speiser},
  Author                   = {S. Dümmling},
  Journal                  = {Einführung in die Arbeitstechniken der Elektroanalytik im AK Speiser},
  Year                     = {1996},

  Copy                     = {RK_40},
  Owner                    = {rk},
  Timestamp                = {2011.07.20}
}

@Article{Eichhorn_1995,
  Title                    = {Dissertation},
  Author                   = {E. Eichhorn},
  Journal                  = {Analyse thermodynamischer Parameter von Solvensaustauschreaktionen an N,N'-Bis-(2-oxybenzyliden)ethylendiiminatokobalt(II) mit elektroanalytischen Methoden},
  Year                     = {1995},

  Owner                    = {Internet},
  Timestamp                = {2015.07.16}
}

@Article{Eichhorn/Rieker/etal_1997a,
  Title                    = {Electrochemistry of Oxygenation Catalysts. 3. Thermodynamic Characterization of Electron Transfer and Solvent Exchange Reactions of {Co(salen)/[Co(salen)]$^+$} in {DMF}, Pyridine, and Their Mixtures},
  Author                   = {E. Eichhorn and A. Rieker and B. Speiser and H. Stahl},
  Journal                  = {Inorg. Chem.},
  Year                     = {1997},
  Pages                    = {3307~--~3317},
  Volume                   = {36},

  Checked                  = {+},
  Copy                     = {Original;SB 010},
  Keywords                 = {Co-Komplexe},
  Owner                    = {asc},
  Timestamp                = {2011.09.19}
}

@Article{Einstein_1906,
  Author                   = {A. Einstein},
  Journal                  = {Ann. Physik 19},
  Year                     = {1906},
  Pages                    = {289~-~306},

  Owner                    = {Internet},
  Timestamp                = {2015.07.23}
}

@Article{Emig_1987,
  Title                    = {Wirkungsweise und Einsatz von Katalysatoren},
  Author                   = {Emig, G.},
  Journal                  = {Chem. in uns. Zeit},
  Year                     = {1987},
  Pages                    = {128~--~137},
  Volume                   = {21},

  Doi                      = {10.1002/ciuz.19870210405},
  ISSN                     = {1521-3781},
  Owner                    = {asc},
  Publisher                = {WILEY-VCH Verlag GmbH},
  Timestamp                = {2011.09.19},
  Url                      = {http://dx.doi.org/10.1002/ciuz.19870210405}
}

@Article{Gollas/Krauss/etal_1994,
  Title                    = {Design of a Single-Unit Haber-Luggin Capillary/Dual Reference-Electrode System},
  Author                   = {B. Gollas and B. Krau\ss and B. Speiser and H. Stahl},
  Journal                  = {Curr. Sep.},
  Year                     = {1994},
  Pages                    = {42~--~44},
  Volume                   = {13},

  Copy                     = {RK_22},
  File                     = {:D\:\\rk\\Literatur\\Allgemein\\RK_22.pdf:PDF},
  Owner                    = {rk},
  Timestamp                = {2011.05.10}
}

@Article{Gritzner/Kuta_1984,
  Title                    = {Recommendations on reporting electrode potentials in nonaqueous solvents},
  Author                   = {G. Gritzner and J. K\r{u}ta},
  Journal                  = {Pure Appl. Chem.},
  Year                     = {1984},
  Pages                    = {461~--~466},
  Volume                   = {56},

  Copy                     = {RK_11},
  File                     = {:D\:\\rk\\Literatur\\Allgemein\\RK_11.pdf:PDF},
  Owner                    = {rk},
  Timestamp                = {2011.05.09}
}

@Article{Shibasaki_2010,
  Title                    = {Heterobimetallic Transition Metal/Rare Earth Metal Bifunctional Catalysis: A Cu/Sm/Schiff Base Complex for Syn-Selective Catalytic Asymmetric Nitro-Mannich Reaction},
  Author                   = {S. Handa and V. Gnanadesikan and S. Matsunaga and M. Shibasaki},
  Journal                  = {J. Am. Chem. Soc.},
  Year                     = {2010},
  Pages                    = {4925~--~4934},
  Volume                   = {132},

  Doi                      = {10.1021/ja100514y},
  Eprint                   = { 
 http://dx.doi.org/10.1021/ja100514y
 
},
  Owner                    = {Internet},
  Timestamp                = {2015.07.05},
  Url                      = { 
 http://dx.doi.org/10.1021/ja100514y
 
}
}

@Article{Heinze_1993,
  Title                    = {Electrochemistry with ultramicrooelectrodes},
  Author                   = {J. Heinze},
  Journal                  = {Angew. Chem. Int. Ed.},
  Year                     = {1993},
  Pages                    = {1268~--~1288},
  Volume                   = {32},

  Altjournal               = {Angew. Chem.},
  Altpages                 = {1327~--~1349},
  Alttitle                 = {Elektrochemie der Ultramikroelektroden},
  Altvolume                = {105},
  Altyear                  = {1193},
  Checked                  = {+},
  Copy                     = {Sonderdruck 99; BS 6524a (deutsch); BS 6524b (englisch);KL 323; BS 6524c (Erratum)},
  File                     = {:D\:\\rk\\Literatur\\Allgemein\\RK_13.pdf:PDF},
  Owner                    = {asc},
  Projects                 = {redoxaktiveKatalysatoren,Interphasen},
  Timestamp                = {2011.05.09}
}

@Article{Heinze_1984,
  Title                    = {Cyclovoltammetrie --- die ``Spektroskopie'' des Elektrochemikers},
  Author                   = {J. Heinze},
  Journal                  = {Angew. Chem.},
  Year                     = {1984},
  Pages                    = {823~--~840},
  Volume                   = {96},

  Altjournal               = {Angew. Chem. Int. Ed. Engl.},
  Altpages                 = {831~--~847},
  Alttitle                 = {Cyclic Voltammetry --- the ``Spectroscopy'' of the Electrochemist},
  Altvolume                = {23},
  Altyear                  = {1984},
  Checked                  = {+},
  Copy                     = {BS 902;BS F3289;BG 52;MW 009;SB 011;WM 067},
  Keywords                 = {CV},
  Owner                    = {Simon},
  Timestamp                = {2013.08.27}
}

@Book{Henke_2011,
  Title                    = {Elektromagnetische Felder: Theorie und Anwendung},
  Author                   = {H. Henke},
  Publisher                = {Springer Vieweg; Auflage: 4.},
  Year                     = {2011},

  Owner                    = {Internet},
  Timestamp                = {2015.07.17}
}

@Article{Hudson_1988,
  Title                    = {Methodological implications of simultaneous solid-phase peptide synthesis. 1. Comparison of different coupling procedures},
  Author                   = {Hudson, D.},
  Journal                  = {J. Org. Chem.},
  Year                     = {1988},
  Pages                    = {617~--~624},
  Volume                   = {53},

  Doi                      = {10.1021/jo00238a026},
  Eprint                   = {http://pubs.acs.org/doi/pdf/10.1021/jo00238a026},
  Owner                    = {asc},
  Timestamp                = {2011.09.29},
  Url                      = {http://pubs.acs.org/doi/abs/10.1021/jo00238a026}
}

@Article{Jacob_1999,
  Title                    = {Variable-Temperature Microelectrode Voltammetry: Application to Diffusion Coefficients and Electrode Reaction Mechanisms},
  Author                   = {S. R. Jacob and Q. Hong and B. A. Coles and R. G. Compton},
  Journal                  = {J. Phys. Chem.},
  Year                     = {1999},
  Pages                    = {2963~--~2969},
  Volume                   = {103},

  Doi                      = {10.1021/jp990024w},
  Eprint                   = { 
 http://dx.doi.org/10.1021/jp990024w
 
},
  Owner                    = {Internet},
  Timestamp                = {2015.07.05},
  Url                      = { 
 http://dx.doi.org/10.1021/jp990024w
 
}
}

@Article{Jaenicke_2006a,
  Title                    = {Des Gold-Katalysators glänzende Zukunft},
  Author                   = {L. Jaenicke},
  Journal                  = {Chem. in uns. Zeit},
  Year                     = {2006},
  Pages                    = {89~--~89},
  Volume                   = {40},

  Doi                      = {10.1002/ciuz.200690027},
  ISSN                     = {1521-3781},
  Owner                    = {asc},
  Publisher                = {WILEY-VCH Verlag},
  Timestamp                = {2011.10.07},
  Url                      = {http://dx.doi.org/10.1002/ciuz.200690027}
}

@Article{Janisch_2010,
  Title                    = {Cyclovoltammetrische Bestimmung elektrochemischer Parameter von Ferrocen und einem Bis-Ferrocen mit Platinelektroden},
  Author                   = {J. Janisch},
  Journal                  = {Wissenschaftliche Arbeit im Fach Chemie, Universität Tübingen},
  Year                     = {2010},

  Copy                     = {RK_41},
  Owner                    = {rk},
  Timestamp                = {2011.07.20}
}

@Article{Janisch/Ruff/etal_2011,
  Title                    = {Consistent diffusion coefficients of ferrocene in some non-aqueous solvents: electrochemical simultaneous determination together with electrode sizes and comparison to pulse-gradient spin-echo NMR results},
  Author                   = {J. Janisch and A. Ruff and B. Speiser and C. Wolff and J. Zigelli and S. Benthin and V. Feldmann and H. A. Mayer},
  Journal                  = {J. Solid State Electrochem.},
  Year                     = {2011},
  Pages                    = {2083~--~2094},
  Volume                   = {15},

  Copy                     = {RK_56},
  File                     = {:D\:\\rk\\Literatur\\Allgemein\\RK_56.pdf:PDF},
  Owner                    = {rk},
  Timestamp                = {2011.08.05}
}

@Article{Katsuki_2003,
  Title                    = {Some Recent Advances in Metallosalen Chemistry},
  Author                   = {T. Katsuki},
  Journal                  = {Synlett},
  Year                     = {2003},
  Pages                    = {279~--~280},
  Volume                   = {2},

  Copy                     = {BS 6941},
  Owner                    = {asc},
  Timestamp                = {2011.09.19},
  Topics                   = {Co(salen)-Komplexe}
}

@Article{Kissinger/Heinemann_1983,
  Title                    = {Cyclic Voltammetry},
  Author                   = {P. T. Kissinger and W. R. Heinemann},
  Journal                  = {J. Chem. Educ.},
  Year                     = {1983},
  Pages                    = {702~--~706},
  Volume                   = {60},

  Copy                     = {RK_44},
  Owner                    = {rk},
  Timestamp                = {2011.07.26}
}

@Article{Klinkhammer_2011,
  Title                    = {Cyclovoltammetrie des N,N'-Bis(ferrocenoyl)ethylendiamins in einigen nicht-wässrigen Elektrolyten},
  Author                   = {R. Klinkhammer},
  Journal                  = {Wissenschaftliche Arbeit im Fach Chemie, Universität Tübingen},
  Year                     = {2011},

  Owner                    = {Simon},
  Timestamp                = {2013.08.27}
}

@Article{Koepp/Wendt/etal_1960,
  Title                    = {{Der Vergleich der Spannungsreihen in verschiedenen Solventien. II.}},
  Author                   = {H. Koepp and H. Wendt and H. Strehlow},
  Journal                  = {Z. Elektrochem.},
  Year                     = {1960},
  Pages                    = {483~--~491},
  Volume                   = {64},

  Copy                     = {RK_48},
  Keywords                 = {Referenzsysteme},
  Owner                    = {Simon},
  Timestamp                = {2013.08.27}
}

@Article{Krossing_2004,
  Title                    = {Nichtkoordinierende Anionen - Traum oder Wirklichkeit? Eine Übersicht zu möglichen Kandidaten},
  Author                   = {I. Krossing and I. Raabe},
  Journal                  = {Angew. Chem.},
  Year                     = {2004},
  Pages                    = {2116~--~2142},
  Volume                   = {116},

  Doi                      = {10.1002/ange.200300620},
  ISSN                     = {1521-3757},
  Keywords                 = {Alkoxymetallate, Aluminate, Anionen, Carborate, Lewis-SÃ¤uren},
  Owner                    = {Internet},
  Publisher                = {WILEY-VCH Verlag},
  Timestamp                = {2015.07.05},
  Url                      = {http://dx.doi.org/10.1002/ange.200300620}
}

@Article{Lee_1982,
  Title                    = {Induction of nasal tumors in
rats exposed to hexamethylphosphoramide by inhalation},
  Author                   = {K. P. Lee and H. J. Trochimowicz},
  Journal                  = {Natl. Cancer Inst.},
  Year                     = {1982},
  Pages                    = {157~--~171},
  Volume                   = {68},

  Owner                    = {asc},
  Timestamp                = {2011.10.10}
}

@Article{Levins_2008,
  Title                    = {Efficient Phosphonium-Mediated Synthesis of 2-Amino-1,3,4-oxadiazoles},
  Author                   = {C. G. Levins and Z. Wan},
  Journal                  = {Org. Lett.},
  Year                     = {2008},
  Pages                    = {1755~--~1758},
  Volume                   = {10},

  Doi                      = {10.1021/ol8004084},
  Eprint                   = {http://pubs.acs.org/doi/pdf/10.1021/ol8004084},
  Owner                    = {asc},
  Timestamp                = {2011.09.29},
  Url                      = {http://pubs.acs.org/doi/abs/10.1021/ol8004084}
}

@Article{Matsuura_1977,
  Title                    = {Bio-Mimetic Oxygenation},
  Author                   = {T. Matsuura},
  Journal                  = {Tetrahedron},
  Year                     = {1977},
  Pages                    = {2869~--~2905},
  Volume                   = {33},

  Copy                     = {BS 1838},
  Keywords                 = {Co-Komplexe},
  Owner                    = {asc},
  Timestamp                = {2011.08.02}
}

@Article{Mohammadikish_2014,
  Title                    = {Green synthesis of nanorod Ni(salen) coordination complexes using a simple hydrothermal method},
  Author                   = {M. Mohammadikish},
  Journal                  = {Cryst. Eng. Comm.},
  Year                     = {2014},
  Pages                    = {8020~--~8026},
  Volume                   = {16},

  Abstract                 = {One-dimensional nanorods of a Ni(salen) coordination compound were synthesized by a facile hydrothermal route in green solvent at various times and temperatures without any surfactant or capping agent. The structure and morphology of the as-prepared complexes were investigated by using elemental analysis{,} 1H NMR{,} Fourier-transform infrared spectroscopy (FT-IR){,} UV-vis spectroscopy{,} X-ray diffraction (XRD){,} scanning electron microscopy (SEM){,} transmission electron microscopy (TEM) and thermogravimetric analysis (TGA). 1H NMR{,} FT-IR and elemental analysis confirmed the formation of a Ni(salen) complex. The SEM and TEM images revealed that the products were nanorods with a diameter of about 40-50 nm. Comparison of the Ni(salen) complexes prepared by hydro/solvothermal method in different solvents (H2O{,} EtOH and CH3CN) with the Ni(salen) prepared under reflux conditions illustrates that the product of the hydrothermal route has a higher purity. A reasonable growth mechanism for the formation of a Ni(salen) nanorod complex is also proposed.},
  Doi                      = {10.1039/C4CE01009D},
  Issue                    = {34},
  Owner                    = {Internet},
  Publisher                = {The Royal Society of Chemistry},
  Timestamp                = {2015.07.05},
  Url                      = {http://dx.doi.org/10.1039/C4CE01009D}
}

@Article{Morris_1992,
  Title                    = {Diffusion-ordered two-dimensional nuclear magnetic resonance spectroscopy},
  Author                   = {K. F. Morris and C. S. Johnson},
  Journal                  = {J. Am. Chem. Soc.},
  Year                     = {1992},
  Pages                    = {3139~--~3141},
  Volume                   = {114},

  Doi                      = {10.1021/ja00034a071},
  Eprint                   = { 
 http://dx.doi.org/10.1021/ja00034a071
 
},
  Owner                    = {Internet},
  Timestamp                = {2015.07.05},
  Url                      = { 
 http://dx.doi.org/10.1021/ja00034a071
 
}
}

@Article{Mousavi/Buehlmann_2013,
  Title                    = {Reference Electrodes with Salt Bridges Contained in
Nanoporous Glass: An Underappreciated Source of Error},
  Author                   = {M.P.S. Mousavi and P. Bühlmann},
  Journal                  = {Anal. Chem.},
  Year                     = {2013},
  Pages                    = {8895~--~8901},
  Volume                   = {85},

  Checked                  = {+},
  Copy                     = {BS F4454},
  Coworkers                = {ASc,SS,MTS},
  Owner                    = {mts},
  Timestamp                = {2015.07.16},
  Topics                   = {Referenz,Elektroden}
}

@Article{Muniz_2006,
  Title                    = {Asymmetrische Katalyse mit Metall-Komplexen. Bild oder Spiegelbild?},
  Author                   = {K. Muniz},
  Journal                  = {Chem. in uns. Zeit},
  Year                     = {2006},
  Pages                    = {112~--~124},
  Volume                   = {40},

  Doi                      = {10.1002/ciuz.200600375},
  ISSN                     = {1521-3781},
  Owner                    = {asc},
  Publisher                = {WILEY-VCH Verlag},
  Timestamp                = {2011.10.07},
  Url                      = {http://dx.doi.org/10.1002/ciuz.200600375}
}

@Article{Nicholson_1966,
  Title                    = {Semiempirical Procedure for Measuring with Stationary Electrode Polarography Rates of Chemical Reactions Involving the Product of Elctron Transfer},
  Author                   = {R. S. Nicholson},
  Journal                  = {Anal. Chem},
  Year                     = {1966},
  Pages                    = {1406},
  Volume                   = {38},

  Copy                     = {RK_57},
  File                     = {:D\:\\rk\\Literatur\\Allgemein\\RK_57.pdf:PDF},
  Owner                    = {rk},
  Timestamp                = {2011.08.08}
}

@Article{Nicholson_1965,
  Title                    = {Theory and Application of Cyclic Voltammetry f m Measurement of Electrode Reaction Kinetics},
  Author                   = {R. S. Nicholson},
  Journal                  = {Anal. Chem.},
  Year                     = {1965},
  Pages                    = {1351~--~1355},
  Volume                   = {37},

  Owner                    = {Simon},
  Timestamp                = {2013.08.28}
}

@Article{Nicholson/Shain_1964,
  Title                    = {Theory of Stationary Electrode Polarography 
Single Scan and Cyclic Methods Applied to Reversible, Irreversible, and Kinetic Systems},
  Author                   = {R. S. Nicholson and I. Shain},
  Journal                  = {Anal. Chem.},
  Year                     = {1964},
  Pages                    = {706~--~723},
  Volume                   = {36},

  Copy                     = {RK_14},
  File                     = {:D\:\\rk\\Literatur\\Allgemein\\RK_14.pdf:PDF},
  Owner                    = {rk},
  Timestamp                = {2011.05.09}
}

@Article{Novak/Speiser/etal_2004,
  Title                    = {{Elektrochemie von \"Ubergangsmetallkatalysatoren. Teil 11. Eine chemisch modifizierte Platinelektrode als zweiz\"ahniger Diaminligand zur Bildung wohldefinierter immobilisierter Bis($\eta^1$-{\em P}-ether-phosphan)(diamin)ruthenium({\sc ii})-Komplexe}},
  Author                   = {F. Novak and B. Speiser and E. Lindner and Z.-L. Lu and H.A. Mayer},
  Journal                  = {Angew. Chem. Int. Ed.},
  Year                     = {2004},
  Pages                    = {2025~--~2028},
  Volume                   = {43},

  Altjournal               = {Angew. Chem.},
  Altpages                 = {2059~--~2062},
  Alttitle                 = {Electrochemistry of Transition Metal Complex Catalysts. Part 11. A Chemically Modified Platinum Electrode as a Bidentate Diamine Ligand for Forming Well-Defined, Immobilized Bis($\eta^1$-\textit{P}-ether-phosphane)(diamine)ruthenium({\sc ii}) Complexes},
  Altvolume                = {116},
  Altyear                  = {2004},
  Checked                  = {+},
  Copy                     = {Sonderdruck 99; BS 6524a (deutsch); BS 6524b (englisch);KL 323; BS 6524c (Erratum)},
  Owner                    = {asc},
  Projects                 = {redoxaktiveKatalysatoren,Interphasen},
  Timestamp                = {2011.09.19}
}

@Article{Park_2008,
  Title                    = {Self-Assembled Dinuclear Cobalt(II)-Salen Catalyst Through Hydrogen-Bonding and Its Application to Enantioselective Nitro-Aldol (Henry) Reaction},
  Author                   = {J. Park and K. Lang and K. A. Abboud and S. Hong},
  Journal                  = {J. Am. Chem. Soc.},
  Year                     = {2008},
  Pages                    = {16484-16485},
  Volume                   = {130},

  Doi                      = {10.1021/ja807221s},
  Eprint                   = { 
 http://dx.doi.org/10.1021/ja807221s
 
},
  Owner                    = {Internet},
  Timestamp                = {2015.07.04},
  Url                      = { 
 http://dx.doi.org/10.1021/ja807221s
 
}
}

@Article{Pfeiffer_1933,
  Title                    = {Tricyclische orthokondensierte Nebenvalenzringe},
  Author                   = {P. Pfeiffer and E. Breith and E. Lübbe and T. Tsumaki},
  Journal                  = {Liebigs Ann. Chem.},
  Year                     = {1933},
  Pages                    = {84~--~130},
  Volume                   = {503},

  Doi                      = {10.1002/jlac.19335030106},
  ISSN                     = {1099-0690},
  Owner                    = {asc},
  Publisher                = {WILEY-VCH Verlag},
  Timestamp                = {2011.09.30},
  Url                      = {http://dx.doi.org/10.1002/jlac.19335030106}
}

@Article{Jo_2009,
  Author                   = {J. Raunecker},
  Journal                  = {Wissenschaftliche Arbeit im Fach Chemie, Universität Tübingen},
  Year                     = {2009},

  Owner                    = {asc},
  Timestamp                = {2011.09.22}
}

@Article{Jacobsen_2002,
  Title                    = {A Practical Oligomeric [(salen)Co] Catalyst for Asymmetric Epoxide Ring-Opening Reactions},
  Author                   = {J. M. Ready and E. N. Jacobsen},
  Journal                  = {Angew. Chem. Int. Ed.},
  Year                     = {2002},
  Pages                    = {1374~--~1377},
  Volume                   = {41},

  Altjournal               = {Angew. Chem.},
  Altpages                 = {1432~--~1435},
  Alttitle                 = {A Practical Oligomeric [(salen)Co] Catalyst for Asymmetric Epoxide Ring-Opening Reactions},
  Altvolume                = {114},
  Altyear                  = {2002},
  Checked                  = {+},
  Copy                     = {Sonderdruck 99; BS 6524a (deutsch); BS 6524b (englisch);KL 323; BS 6524c (Erratum)},
  Doi                      = {10.1002/1521-3773(20020415)41:8<1374::AID-ANIE1374>3.0.CO;2-8},
  ISSN                     = {1521-3773},
  Keywords                 = {asymmetric catalysis, epoxides, homogeneous catalysis, kinetic resolution, N,O ligands},
  Owner                    = {asc},
  Projects                 = {redoxaktiveKatalysatoren,Interphasen},
  Publisher                = {WILEY-VCH Verlag GmbH},
  Timestamp                = {2011.09.19},
  Url                      = {http://dx.doi.org/10.1002/1521-3773(20020415)41:8<1374::AID-ANIE1374>3.0.CO;2-8}
}

@Article{Reid_1973,
  Title                    = {The vapor pressures of pure substances T. Boublik, V. Fried, and E. Hala, American Elsevier, New York (1973), $25.00. 626 pages},
  Author                   = {R. C. Reid},
  Journal                  = {AIChE Journal},
  Year                     = {1973},
  Pages                    = {1085~--~1086},
  Volume                   = {19},

  Doi                      = {10.1002/aic.690190544},
  ISSN                     = {1547-5905},
  Owner                    = {Internet},
  Publisher                = {American Institute of Chemical Engineers},
  Timestamp                = {2015.07.05},
  Url                      = {http://dx.doi.org/10.1002/aic.690190544}
}

@Article{Schaefer_1969,
  Title                    = {{Oxygen-carrying cobalt compounds. I. Bis(salicylaldehyde)ethylenediiminecobalt(II) monochloroformate}},
  Author                   = {W. P. Schaefer and R. E. Marsh},
  Journal                  = {Acta Crystallogr., Sect. B: Struct. Sci},
  Year                     = {1969},

  Month                    = {Sep},
  Pages                    = {1675~--~1682},
  Volume                   = {25},

  Doi                      = {10.1107/S0567740869004547},
  Owner                    = {asc},
  Timestamp                = {2011.10.10},
  Url                      = {http://dx.doi.org/10.1107/S0567740869004547}
}

@Article{Schank_2013,
  Author                   = {A. Schank},
  Journal                  = {unveröffentlichte Ergebnisse},
  Year                     = {2013},

  Owner                    = {Internet},
  Timestamp                = {2015.07.14}
}

@Article{Scheurer_2010,
  Title                    = {Cyclovoltammetrische Charakterisierung von alkylsubstituierten Ferrocenderivaten},
  Author                   = {M. Scheurer},
  Journal                  = {Wissenschaftliche Arbeit im Fach Chemie, Universität Tübingen},
  Year                     = {2010},

  Owner                    = {Simon},
  Timestamp                = {2013.08.27}
}

@Article{List_2005,
  Title                    = {Asymmetric organocatalysis},
  Author                   = {J. Seayad and B. List},
  Journal                  = {Org. Biomol. Chem.},
  Year                     = {2005},
  Pages                    = {719~--~724},
  Volume                   = {3},

  Doi                      = {10.1039/B415217B},
  Issue                    = {5},
  Owner                    = {asc},
  Publisher                = {The Royal Society of Chemistry},
  Timestamp                = {2011.10.07},
  Url                      = {http://dx.doi.org/10.1039/B415217B}
}

@InCollection{Speiser_2004a,
  Title                    = {Methods to Investigate Mechanisms of Electroorganic Reactions},
  Author                   = {B. Speiser},
  Booktitle                = {Encyclopedia of Electrochemistry, Vol. 8 Organic Electrochemistry},
  Publisher                = {Wiley-VCH},
  Year                     = {2004},

  Address                  = {Weinheim},
  Chapter                  = {1},
  Editor                   = {A.J. Bard and M. Stratmann and H. Sch\"afer},
  Pages                    = {1~--~23},

  Checked                  = {+},
  Copy                     = {Sonderdruck Buchkapitel5;KL 143},
  Owner                    = {Simon},
  Timestamp                = {2013.08.27},
  Topics                   = {EAMethoden}
}

@InCollection{Speiser_2003,
  Title                    = {Linear Sweep and Cyclic Voltammetry},
  Author                   = {B. Speiser},
  Booktitle                = {Encyclopedia of Electrochemistry, Vol. 3 Instrumentation and Electroanalytical Chemistry},
  Publisher                = {Wiley-VCH},
  Year                     = {2003},

  Address                  = {Weinheim},
  Chapter                  = {2.1},
  Editor                   = {A.J. Bard and M. Stratmann and P. Unwin},
  Pages                    = {81~--~104},

  Checked                  = {+},
  Copy                     = {Sonderdruck Buchkapitel3;KL 100},
  Owner                    = {Simon},
  Timestamp                = {2013.08.27},
  Topics                   = {EAMethoden}
}

@InCollection{Speiser_1998,
  Title                    = {Elektroanalytische Methoden},
  Author                   = {B. Speiser},
  Booktitle                = {Bioanalytische und biochemische Labormethoden},
  Publisher                = {Vieweg},
  Year                     = {1998},

  Address                  = {Braunschweig/Wiesbaden},
  Editor                   = {K.E. Geckeler and H. Eckstein},
  Pages                    = {301~--~370},

  Checked                  = {+},
  Copy                     = {Original;in BS Bu174},
  Owner                    = {Simon},
  Timestamp                = {2013.08.27}
}

@Article{Speiser_1989,
  Author                   = {B. Speiser},
  Journal                  = {Habilitationsschrift},
  Year                     = {1989},
  Pages                    = {S. 31},

  Owner                    = {Internet},
  Timestamp                = {2015.07.18}
}

@Article{Speiser_1981a,
  Title                    = {Elektroanalytische Methoden II: Cyclische Voltammetrie},
  Author                   = {B. Speiser},
  Journal                  = {Chem. in uns. Zeit},
  Year                     = {1981},
  Pages                    = {62~--~67},
  Volume                   = {15},

  Copy                     = {RK_17},
  File                     = {:D\:\\rk\\Literatur\\Allgemein\\RK_17.pdf:PDF},
  Owner                    = {rk},
  Timestamp                = {2011.05.09}
}

@Article{Speiser_1981b,
  Title                    = {Elektroanalytische Methoden I: Elektrodenreaktionen und Chronoamperometrie},
  Author                   = {B. Speiser},
  Journal                  = {Chem. in uns. Zeit},
  Year                     = {1981},
  Pages                    = {21~--~26},
  Volume                   = {15},

  Copy                     = {RK_18},
  File                     = {:D\:\\rk\\Literatur\\Allgemein\\RK_18.pdf:PDF},
  Owner                    = {rk},
  Timestamp                = {2011.05.09}
}

@Article{Storr_2007,
  Title                    = {The Geometric and Electronic Structure of a One-Electron-Oxidized Nickel(II) Bis(salicylidene)diamine Complex},
  Author                   = {T. Storr and E. Wasinger and R. Pratt and T. Daniel and P. Stack},
  Journal                  = {Angew. Chem. Int. Ed.},
  Year                     = {2007},
  Pages                    = {5198~--~5201},
  Volume                   = {43},

  Altjournal               = {Angew. Chem.},
  Altpages                 = {5290~--~5293},
  Alttitle                 = {The Geometric and Electronic Structure of a One-Electron-Oxidized Nickel(II) Bis(salicylidene)diamine Complex},
  Altvolume                = {116},
  Altyear                  = {2007},
  Checked                  = {+},
  Copy                     = {Sonderdruck 99; BS 6524a (deutsch); BS 6524b (englisch);KL 323; BS 6524c (Erratum)},
  Owner                    = {asc},
  Projects                 = {redoxaktiveKatalysatoren,Interphasen}
}

@Article{Takashima_2005,
  Author                   = {H. Takashima and C. Hirai and K. Tsukahara},
  Journal                  = {Bull. Chem. Soc. Jpn.},
  Year                     = {2005},
  Volume                   = {78},

  Owner                    = {asc},
  Timestamp                = {2011.09.23}
}

@Article{Tannert_1970,
  Title                    = {Use of the Stimulated Echo in NMR Diffusion Studies},
  Author                   = {J. E. Tanner},
  Journal                  = {J. Chem. Phys.},
  Year                     = {1970},
  Pages                    = {2523~--~2526},
  Volume                   = {52},

  Doi                      = {http://dx.doi.org/10.1063/1.1673336},
  Owner                    = {Internet},
  Timestamp                = {2015.07.05},
  Url                      = {http://scitation.aip.org/content/aip/journal/jcp/52/5/10.1063/1.1673336}
}

@Article{Wannaprom_2014,
  Title                    = {Electro-Oxidation of Aldehydes in Akaline Solution by Electropolymerized Nickel Salen-Based Film Modified Elektrodes},
  Author                   = {N. Wannaprom and P. Vanalabpatana},
  Journal                  = {J. Elec. Soc.},
  Year                     = {2014},
  Pages                    = {G86-G97},
  Volume                   = {161},

  Doi                      = {10.1039/AN9527700685},
  Issue                    = {920},
  Owner                    = {Internet},
  Publisher                = {The Royal Society of Chemistry},
  Timestamp                = {2015.07.04},
  Url                      = {http://dx.doi.org/10.1039/AN9527700685}
}

@Article{Shimazaki_2009,
  Title                    = {Detailed Evaluation of the Geometric and Electronic Structures of One-Electron Oxidized Group 10 (Ni, Pd, and Pt) Metal(II)-(Disalicylidene)diamine Complexes},
  Author                   = {Y.Shimazaki and D. Stack and T. Storr},
  Journal                  = {Inorg. Chem},
  Year                     = {2009},
  Pages                    = {8383~--~8392},

  Owner                    = {Internet},
  Timestamp                = {2015.07.16}
}

