% This file was created with JabRef 2.10.
% Encoding: Cp1252


@Misc{Adri_2009,
  Author                   = {A. Ruff,},
  HowPublished             = {Synthesevorschrift},
  Year                     = {(2009)},

  Owner                    = {asc},
  Timestamp                = {2011.09.26}
}

@Article{BaranskiFawcettGilbert,
  Title                    = {Use of microelectrodes for the rapid determination of the number of electrons involved in an electrode reaction},
  Author                   = {A. S. Baranski and W. R. Fawcett and C. M. Gilbert},
  Journal                  = {Analytical Chemistry},
  Year                     = {1985},
  Number                   = {1},
  Pages                    = {166-170},
  Volume                   = {57},

  Doi                      = {10.1021/ac00279a041},
  Eprint                   = { 
 http://dx.doi.org/10.1021/ac00279a041
 
},
  Owner                    = {Internet},
  Timestamp                = {2015.07.02},
  Url                      = { 
 http://dx.doi.org/10.1021/ac00279a041
 
}
}

@Book{Bard/Faulkner_2001,
  Title                    = {Electrochemical Methods. Fundamentals and Applications},
  Author                   = {A.J. Bard and L.R. Faulkner},
  Publisher                = {Wiley},
  Year                     = {2001},

  Address                  = {New York},
  Edition                  = {2.},

  Checked                  = {+},
  Copy                     = {BS Bu189},
  Owner                    = {Simon},
  Pages                    = {286~--~293},
  Timestamp                = {2013.08.27}
}

@Article{Barker_1952,
  Title                    = {Square-wave polarography},
  Author                   = {G. C. Barker and I. L. Jenkins},
  Journal                  = {Analyst},
  Year                     = {1952},
  Pages                    = {685-696},
  Volume                   = {77},

  Doi                      = {10.1039/AN9527700685},
  Issue                    = {920},
  Owner                    = {Internet},
  Publisher                = {The Royal Society of Chemistry},
  Timestamp                = {2015.07.02},
  Url                      = {http://dx.doi.org/10.1039/AN9527700685}
}

@InCollection{Basolo_1993,
  Title                    = {Retrospective Studies on Metal Complexes as Synthetic Dioxygen Carriers of Biological Interest},
  Author                   = {F. Basolo},
  Booktitle                = {Facets of Coordination Chemistry},
  Publisher                = {World Scientific},
  Year                     = {1993},

  Address                  = {Singapore},
  Chapter                  = {3},
  Editor                   = {B.V. Agarvala and K.N. Munshi},
  Pages                    = {24~--~45},

  Copy                     = {BS 2662},
  Keywords                 = {Co-Komplexe},
  Owner                    = {asc},
  Timestamp                = {2011.10.04}
}

@Article{Armstrong_1992,
  Author                   = {D. Armstrong, S. Bennett, M. Davidson, R. Snaith, D. Stalke und D.
Wright},
  Journal                  = {J. Chem. Soc., Chem. Commun.},
  Year                     = {1992},
  Pages                    = {262-264},

  Owner                    = {asc},
  Timestamp                = {2011.10.10}
}

@Article{Duemmling_1996,
  Title                    = {Einführung in die Arbeitstechniken der Elektroanalytik im AK Speiser},
  Author                   = {S. Dümmling},
  Journal                  = {Einführung in die Arbeitstechniken der Elektroanalytik im AK Speiser},
  Year                     = {1996},

  Copy                     = {RK_40},
  Owner                    = {rk},
  Timestamp                = {2011.07.20}
}

@Article{Emig_1987,
  Title                    = {Wirkungsweise und Einsatz von Katalysatoren},
  Author                   = {Emig, G.},
  Journal                  = {Chem. unserer Zeit},
  Year                     = {1987},
  Number                   = {4},
  Pages                    = {128--137},
  Volume                   = {21},

  Doi                      = {10.1002/ciuz.19870210405},
  ISSN                     = {1521-3781},
  Owner                    = {asc},
  Publisher                = {WILEY-VCH Verlag GmbH},
  Timestamp                = {2011.09.19},
  Url                      = {http://dx.doi.org/10.1002/ciuz.19870210405}
}

@Article{Gritzner/Kuta_1984,
  Title                    = {Recommendations on reporting electrode potentials in nonaqueous solvents},
  Author                   = {G. Gritzner and J. K\r{u}ta},
  Journal                  = {Pure Appl. Chem.},
  Year                     = {1984},
  Pages                    = {461~--~466},
  Volume                   = {56},

  Copy                     = {RK_11},
  File                     = {:D\:\\rk\\Literatur\\Allgemein\\RK_11.pdf:PDF},
  Owner                    = {rk},
  Timestamp                = {2011.05.09}
}

@Article{Takashima_2005,
  Author                   = {H. Takashima, C. Hirai und K.Tsukahara},
  Journal                  = {Bull. Chem. Soc. Jpn.},
  Year                     = {2005},
  Volume                   = {78},

  Owner                    = {asc},
  Timestamp                = {2011.09.23}
}

@Article{Heinze_1993,
  Title                    = {Elektrochemie der Ultramikroelektroden},
  Author                   = {J. Heinze},
  Journal                  = {Angew. Chem.},
  Year                     = {1993},
  Pages                    = {1327~--~1349},
  Volume                   = {105},

  Copy                     = {RK_13},
  File                     = {:D\:\\rk\\Literatur\\Allgemein\\RK_13.pdf:PDF},
  Owner                    = {rk},
  Timestamp                = {2011.05.09}
}

@Article{Heinze_1984,
  Title                    = {{Cyclovoltammetrie --- die ``Spektroskopie'' des Elektrochemikers}},
  Author                   = {J. Heinze},
  Journal                  = {Angew. Chem.},
  Year                     = {1984},
  Pages                    = {823~--~840},
  Volume                   = {96},

  Altjournal               = {Angew. Chem. Int. Ed. Engl.},
  Altpages                 = {831~--~847},
  Alttitle                 = {Cyclic Voltammetry --- the ``Spectroscopy'' of the Electrochemist},
  Altvolume                = {23},
  Altyear                  = {1984},
  Checked                  = {+},
  Copy                     = {BS 902;BS F3289;BG 52;MW 009;SB 011;WM 067},
  Keywords                 = {CV},
  Owner                    = {Simon},
  Timestamp                = {2013.08.27}
}

@Article{Heinze_1984a,
  Title                    = {Cyclic Voltammetry - \glqq Electrochemical Spectroscopy \grqq},
  Author                   = {J. Heinze},
  Journal                  = {Angew. Chem. Int. Ed.},
  Year                     = {1984},
  Pages                    = {831~--~918},
  Volume                   = {23},

  Copy                     = {RK_16},
  File                     = {:D\:\\rk\\Literatur\\Allgemein\\RK_16.pdf:PDF},
  Owner                    = {rk},
  Timestamp                = {2011.05.09}
}

@Article{Hudson_1988,
  Title                    = {Methodological implications of simultaneous solid-phase peptide synthesis. 1. Comparison of different coupling procedures},
  Author                   = {Hudson, D.},
  Journal                  = {J. Org. Chem.},
  Year                     = {1988},
  Number                   = {3},
  Pages                    = {617-624},
  Volume                   = {53},

  Doi                      = {10.1021/jo00238a026},
  Eprint                   = {http://pubs.acs.org/doi/pdf/10.1021/jo00238a026},
  Owner                    = {asc},
  Timestamp                = {2011.09.29},
  Url                      = {http://pubs.acs.org/doi/abs/10.1021/jo00238a026}
}

@Misc{Jo_2009,
  Author                   = {J. Raunecker,},
  HowPublished             = {Zulassungsarbeit, Universität Tübingen},
  Year                     = {(2009).},

  Owner                    = {asc},
  Timestamp                = {2011.09.22}
}

@Article{Jaenicke_2006a,
  Title                    = {Des Gold-Katalysators glänzende Zukunft},
  Author                   = {Jaenicke, L.},
  Journal                  = {Chem. unserer Zeit},
  Year                     = {2006},
  Number                   = {2},
  Pages                    = {89--89},
  Volume                   = {40},

  Doi                      = {10.1002/ciuz.200690027},
  ISSN                     = {1521-3781},
  Owner                    = {asc},
  Publisher                = {WILEY-VCH Verlag},
  Timestamp                = {2011.10.07},
  Url                      = {http://dx.doi.org/10.1002/ciuz.200690027}
}

@Article{Janisch_2010,
  Title                    = {Cyclovoltammetrische Bestimmung elektrochemischer Parameter von Ferrocen und einem Bis-Ferrocen mit Platinelektroden},
  Author                   = {J. Janisch},
  Journal                  = {Wissenschaftliche Arbeit im Fach Chemie, Universität Tübingen},
  Year                     = {2010},

  Copy                     = {RK_41},
  Owner                    = {rk},
  Timestamp                = {2011.07.20}
}

@Article{Janisch/Ruff/etal_2011,
  Title                    = {Consistent diffusion coefficients of ferrocene in some non-aqueous solvents: electrochemical simultaneous determination together with electrode sizes and comparison to pulse-gradient spin-echo NMR results},
  Author                   = {J. Janisch and A. Ruff and B. Speiser and C. Wolff and J. Zigelli and S. Benthin and V. Feldmann and H. A. Mayer},
  Journal                  = {J. Solid State Electrochem.},
  Year                     = {2011},
  Pages                    = {2083-2094},
  Volume                   = {15},

  Copy                     = {RK_56},
  File                     = {:D\:\\rk\\Literatur\\Allgemein\\RK_56.pdf:PDF},
  Owner                    = {rk},
  Timestamp                = {2011.08.05}
}

@Article{Katsuki_2003,
  Title                    = {Some Recent Advances in Metallosalen Chemistry},
  Author                   = {T. Katsuki},
  Journal                  = {Synlett},
  Year                     = {2003},
  Pages                    = {279~--~280},
  Volume                   = {2},

  Copy                     = {BS 6941},
  Owner                    = {asc},
  Timestamp                = {2011.09.19},
  Topics                   = {Co(salen)-Komplexe}
}

@Article{Kissinger/Heinemann_1983,
  Title                    = {Cyclic Voltammetry},
  Author                   = {P. T. Kissinger and W. R. Heinemann},
  Journal                  = {J. Chem. Educ.},
  Year                     = {1983},
  Pages                    = {702~--~706},
  Volume                   = {60},

  Copy                     = {RK_44},
  Owner                    = {rk},
  Timestamp                = {2011.07.26}
}

@Article{Klinkhammer_2011,
  Title                    = {Cyclovoltammetrie des N,N'-Bis(ferrocenoyl)ethylendiamins in einigen nicht-wässrigen Elektrolyten},
  Author                   = {R. Klinkhammer},
  Journal                  = {Wissenschaftliche Arbeit im Fach Chemie},
  Year                     = {2011},

  Owner                    = {Simon},
  Timestamp                = {2013.08.27}
}

@Article{Koepp/Wendt/etal_1960,
  Title                    = {{Der Vergleich der Spannungsreihen in verschiedenen Solventien. II.}},
  Author                   = {H.-M. Koepp and H. Wendt and H. Strehlow},
  Journal                  = {Z. Elektrochem.},
  Year                     = {1960},
  Pages                    = {483~--~491},
  Volume                   = {64},

  Copy                     = {RK_48},
  Keywords                 = {Referenzsysteme},
  Owner                    = {Simon},
  Timestamp                = {2013.08.27}
}

@Article{Lee_1982,
  Title                    = {Induction of nasal tumors in
rats exposed to hexamethylphosphoramide by inhalation},
  Author                   = {K.P. Lee and H.J. Trochimowicz},
  Journal                  = {Natl. Cancer Inst.},
  Year                     = {1982},
  Pages                    = {157-171},
  Volume                   = {68},

  Owner                    = {asc},
  Timestamp                = {2011.10.10}
}

@Article{Levins_2008,
  Title                    = {Efficient Phosphonium-Mediated Synthesis of 2-Amino-1,3,4-oxadiazoles},
  Author                   = {Levins, C. G. and Wan, Z.},
  Journal                  = {Org. Lett.},
  Year                     = {2008},
  Number                   = {9},
  Pages                    = {1755-1758},
  Volume                   = {10},

  Doi                      = {10.1021/ol8004084},
  Eprint                   = {http://pubs.acs.org/doi/pdf/10.1021/ol8004084},
  Owner                    = {asc},
  Timestamp                = {2011.09.29},
  Url                      = {http://pubs.acs.org/doi/abs/10.1021/ol8004084}
}

@Article{Matsuura_1977,
  Title                    = {Bio-Mimetic Oxygenation},
  Author                   = {T. Matsuura},
  Journal                  = {Tetrahedron},
  Year                     = {1977},
  Pages                    = {2869~--~2905},
  Volume                   = {33},

  Copy                     = {BS 1838},
  Keywords                 = {Co-Komplexe},
  Owner                    = {asc},
  Timestamp                = {2011.08.02}
}

@Article{Muniz_2006,
  Title                    = {Asymmetrische Katalyse mit Metall-Komplexen. Bild oder Spiegelbild?},
  Author                   = {Muniz, K.},
  Journal                  = {Chem. unserer Zeit},
  Year                     = {2006},
  Number                   = {2},
  Pages                    = {112--124},
  Volume                   = {40},

  Doi                      = {10.1002/ciuz.200600375},
  ISSN                     = {1521-3781},
  Owner                    = {asc},
  Publisher                = {WILEY-VCH Verlag},
  Timestamp                = {2011.10.07},
  Url                      = {http://dx.doi.org/10.1002/ciuz.200600375}
}

@Article{Nicholson_1966,
  Title                    = {Semiempirical Procedure for Measuring with Stationary Electrode Polarography Rates of Chemical Reactions Involving the Product of Elctron Transfer},
  Author                   = {R. S. Nicholson},
  Journal                  = {Anal. Chem},
  Year                     = {1966},
  Pages                    = {1406},
  Volume                   = {38},

  Copy                     = {RK_57},
  File                     = {:D\:\\rk\\Literatur\\Allgemein\\RK_57.pdf:PDF},
  Owner                    = {rk},
  Timestamp                = {2011.08.08}
}

@Article{Nicholson_1965,
  Title                    = {Theory and Application of Cyclic Voltammetry f m Measurement of Electrode Reaction Kinetics},
  Author                   = {R. S. Nicholson},
  Journal                  = {Anal. Chem.},
  Year                     = {1965},
  Number                   = {11},
  Pages                    = {1351~--~1355},
  Volume                   = {37},

  Owner                    = {Simon},
  Timestamp                = {2013.08.28}
}

@Article{Nicholson/Shain_1964,
  Title                    = {Theory of Stationary Electrode Polarography 
Single Scan and Cyclic Methods Applied to Reversible, Irreversible, and Kinetic Systems},
  Author                   = {R. S. Nicholson and I. Shain},
  Journal                  = {Anal. Chem.},
  Year                     = {1964},
  Pages                    = {706~--~723},
  Volume                   = {36},

  Copy                     = {RK_14},
  File                     = {:D\:\\rk\\Literatur\\Allgemein\\RK_14.pdf:PDF},
  Owner                    = {rk},
  Timestamp                = {2011.05.09}
}

@Article{Park_2008,
  Title                    = {Self-Assembled Dinuclear Cobalt(II)-Salen Catalyst Through Hydrogen-Bonding and Its Application to Enantioselective Nitro-Aldol (Henry) Reaction},
  Author                   = {Jongwoo Park and Kai Lang and Khalil A. Abboud and Sukwon Hong},
  Journal                  = {Journal of the American Chemical Society},
  Year                     = {2008},
  Note                     = {PMID: 19012380},
  Number                   = {49},
  Pages                    = {16484-16485},
  Volume                   = {130},

  Doi                      = {10.1021/ja807221s},
  Eprint                   = { 
 http://dx.doi.org/10.1021/ja807221s
 
},
  Owner                    = {Internet},
  Timestamp                = {2015.07.04},
  Url                      = { 
 http://dx.doi.org/10.1021/ja807221s
 
}
}

@Article{Pfeiffer_1933,
  Title                    = {Tricyclische orthokondensierte Nebenvalenzringe},
  Author                   = {Pfeiffer, P. and Breith, E. and Lübbe, E. and Tsumaki, T.},
  Journal                  = {Liebigs Ann. Chem.},
  Year                     = {1933},
  Number                   = {1},
  Pages                    = {84--130},
  Volume                   = {503},

  Doi                      = {10.1002/jlac.19335030106},
  ISSN                     = {1099-0690},
  Owner                    = {asc},
  Publisher                = {WILEY-VCH Verlag},
  Timestamp                = {2011.09.30},
  Url                      = {http://dx.doi.org/10.1002/jlac.19335030106}
}

@Article{Jacobsen_2002,
  Title                    = {A Practical Oligomeric [(salen)Co] Catalyst for Asymmetric Epoxide Ring-Opening Reactions},
  Author                   = {Ready, J. M. and Jacobsen, E. N.},
  Journal                  = {Angew. Chem. Int. Ed.},
  Year                     = {2002},
  Number                   = {8},
  Pages                    = {1374--1377},
  Volume                   = {41},

  Doi                      = {10.1002/1521-3773(20020415)41:8<1374::AID-ANIE1374>3.0.CO;2-8},
  ISSN                     = {1521-3773},
  Keywords                 = {asymmetric catalysis, epoxides, homogeneous catalysis, kinetic resolution, N,O ligands},
  Owner                    = {asc},
  Publisher                = {WILEY-VCH Verlag GmbH},
  Timestamp                = {2011.09.19},
  Url                      = {http://dx.doi.org/10.1002/1521-3773(20020415)41:8<1374::AID-ANIE1374>3.0.CO;2-8}
}

@Article{Schaefer_1969,
  Title                    = {{Oxygen-carrying cobalt compounds. I. Bis(salicylaldehyde)ethylenediiminecobalt(II) monochloroformate}},
  Author                   = {Schaefer, W. P. and Marsh, R. E.},
  Journal                  = {Acta Crystallogr., Sect. B: Struct. Sci},
  Year                     = {1969},

  Month                    = {Sep},
  Number                   = {9},
  Pages                    = {1675--1682},
  Volume                   = {25},

  Doi                      = {10.1107/S0567740869004547},
  Owner                    = {asc},
  Timestamp                = {2011.10.10},
  Url                      = {http://dx.doi.org/10.1107/S0567740869004547}
}

@Article{List_2005,
  Title                    = {Asymmetric organocatalysis},
  Author                   = {Seayad, J. and List, B.},
  Journal                  = {Org. Biomol. Chem.},
  Year                     = {2005},
  Pages                    = {719-724},
  Volume                   = {3},

  Doi                      = {10.1039/B415217B},
  Issue                    = {5},
  Owner                    = {asc},
  Publisher                = {The Royal Society of Chemistry},
  Timestamp                = {2011.10.07},
  Url                      = {http://dx.doi.org/10.1039/B415217B}
}

@InCollection{Speiser_2004a,
  Title                    = {Methods to Investigate Mechanisms of Electroorganic Reactions},
  Author                   = {B. Speiser},
  Booktitle                = {Encyclopedia of Electrochemistry, Vol. 8 Organic Electrochemistry},
  Publisher                = {Wiley-VCH},
  Year                     = {2004},

  Address                  = {Weinheim},
  Chapter                  = {1},
  Editor                   = {A.J. Bard and M. Stratmann and H. Sch\"afer},
  Pages                    = {1~--~23},

  Checked                  = {+},
  Copy                     = {Sonderdruck Buchkapitel5;KL 143},
  Owner                    = {Simon},
  Timestamp                = {2013.08.27},
  Topics                   = {EAMethoden}
}

@InCollection{Speiser_2003,
  Title                    = {Linear Sweep and Cyclic Voltammetry},
  Author                   = {B. Speiser},
  Booktitle                = {Encyclopedia of Electrochemistry, Vol. 3 Instrumentation and Electroanalytical Chemistry},
  Publisher                = {Wiley-VCH},
  Year                     = {2003},

  Address                  = {Weinheim},
  Chapter                  = {2.1},
  Editor                   = {A.J. Bard and M. Stratmann and P. Unwin},
  Pages                    = {81~--~104},

  Checked                  = {+},
  Copy                     = {Sonderdruck Buchkapitel3;KL 100},
  Owner                    = {Simon},
  Timestamp                = {2013.08.27},
  Topics                   = {EAMethoden}
}

@InCollection{Speiser_1998,
  Title                    = {Elektroanalytische Methoden},
  Author                   = {B. Speiser},
  Booktitle                = {Bioanalytische und biochemische Labormethoden},
  Publisher                = {Vieweg},
  Year                     = {1998},

  Address                  = {Braunschweig/Wiesbaden},
  Editor                   = {K.E. Geckeler and H. Eckstein},
  Pages                    = {301~--~370},

  Checked                  = {+},
  Copy                     = {Original;in BS Bu174},
  Owner                    = {Simon},
  Timestamp                = {2013.08.27}
}

@Article{Speiser_1981a,
  Title                    = {Elektroanalytische Methoden II: Cyclische Voltammetrie},
  Author                   = {B. Speiser},
  Journal                  = {Chem. in uns. Zeit},
  Year                     = {1981},
  Pages                    = {62~--~67},
  Volume                   = {15},

  Copy                     = {RK_17},
  File                     = {:D\:\\rk\\Literatur\\Allgemein\\RK_17.pdf:PDF},
  Owner                    = {rk},
  Timestamp                = {2011.05.09}
}

@Article{Speiser_1981b,
  Title                    = {Elektroanalytische Methoden I: Elektrodenreaktionen und Chronoamperometrie},
  Author                   = {B. Speiser},
  Journal                  = {Chem. in uns. Zeit},
  Year                     = {1981},
  Pages                    = {21~--~26},
  Volume                   = {15},

  Copy                     = {RK_18},
  File                     = {:D\:\\rk\\Literatur\\Allgemein\\RK_18.pdf:PDF},
  Owner                    = {rk},
  Timestamp                = {2011.05.09}
}

@Article{Wannaprom_2014,
  Title                    = {Electro-Oxidation of Aldehydes in Akaline Solution by Electropolymerized Nickel Salen-Based Film Modified Elektrodes},
  Author                   = {N. Wannaprom and P. Vanalabpatana},
  Journal                  = {Journal of The Electrochemical Society},
  Year                     = {2014},
  Pages                    = {G86-G97},
  Volume                   = {161},

  Doi                      = {10.1039/AN9527700685},
  Issue                    = {920},
  Owner                    = {Internet},
  Publisher                = {The Royal Society of Chemistry},
  Timestamp                = {2015.07.04},
  Url                      = {http://dx.doi.org/10.1039/AN9527700685}
}

