% This file was created with JabRef 2.10.
% Encoding: Cp1252


@Article{Adams/daCosta/etal_2010,
  Title                    = {On the Causes of Potential Inversion in 1,2,4,5-Tetrakis(amino)benzenes},
  Author                   = {C. J. Adams and R. C. da Costa and R. Edge and D. H. Evans and M. F. Hood},
  Journal                  = {J. Org. Chem.},
  Year                     = {2010},
  Pages                    = {1168~--~1178},
  Volume                   = {75},

  Copy                     = {RK_32},
  File                     = {:D\:\\rk\\Literatur\\Lömi\\RK_32.pdf:PDF},
  Owner                    = {rk},
  Timestamp                = {2011.06.01}
}

@Article{Afzali/Dimitrakopoulos_2002,
  Title                    = {High-Performance, Solution-Processed Organic Thin Film Transistors from a Novel Pentacene Precursor},
  Author                   = {A. Afzali and C. D. Dimitrakopoulos and T.L. Breen},
  Journal                  = {J. Am. Chem. Soc.},
  Year                     = {2002},
  Pages                    = {8812~--~8813},
  Volume                   = {124},

  Owner                    = {Simon},
  Timestamp                = {2013.08.09}
}

@Article{Ahles/Schmechel/Seggern_2004,
  Title                    = {n-type Organic field-effect transistor based on interface-doped pentacene},
  Author                   = {M. Ahles and, R. Schmechel and H. von Seggern},
  Journal                  = {Appl. Phys. Lett.},
  Year                     = {2004},
  Number                   = {19},
  Pages                    = {4499~--~4501},
  Volume                   = {85},

  Owner                    = {Simon},
  Timestamp                = {2013.08.09}
}

@Article{Ahles/Schmechel/Seggern_2005,
  Title                    = {Complementary inverter based on interface doped pentacene},
  Author                   = {M. Ahles and R. Schmechel and H. von Seggern},
  Journal                  = {Appl. Phys. Lett.},
  Year                     = {2005},
  Number                   = {11},
  Pages                    = {113505/1~--~113505/3},
  Volume                   = {87},

  Owner                    = {Simon},
  Timestamp                = {2013.08.09}
}

@Article{Alvarez/Li_2001,
  Title                    = {Modulation of the Electronic Communication Between Two Equivalent Ferrocene Centers by Proton Transfer, Solvent Effect and Structural Modifications},
  Author                   = {J. Alvarez and Y. Ni and T. Ren and A. E. Kaifer},
  Journal                  = {J. Supramol. Chemistry},
  Year                     = {2001},
  Pages                    = {7~--~16},
  Volume                   = {1},

  Copy                     = {RK_59},
  File                     = {:D\:\\rk\\Literatur\\Bis-Fc\\RK_59.pdf:PDF},
  Owner                    = {rk},
  Timestamp                = {2011.08.08}
}

@Article{Amatore/Azzabi/etal_1990,
  Title                    = {Absolute Determination of Electron Consumption in Transient or Steady State Electrochemical Techniques},
  Author                   = {C. Amatore and M. Azzabi and P. Calas and A. Jutand and C. Lefrou and Y. Rollin},
  Journal                  = {J. Electroanal. Chem.},
  Year                     = {1990},
  Pages                    = {45~--~63},
  Volume                   = {288},

  Checked                  = {+},
  Copy                     = {RK_47},
  Owner                    = {Simon},
  Timestamp                = {2013.08.27}
}

@Article{Ammar/Saveant_1973a,
  Title                    = {Convolution Potential Sweep Voltammetry. {II}. Multistep Nernstian Waves},
  Author                   = {F. Ammar and J.M. Sav{\'e}ant},
  Journal                  = {J. Electroanal. Chem.},
  Year                     = {1973},
  Pages                    = {215~--~221},
  Volume                   = {47},

  Copy                     = {RK_88},
  File                     = {:D\:\\rk\\Literatur\\Allgemein\\RK_88.pdf:PDF},
  Owner                    = {Simon},
  Timestamp                = {2013.08.27}
}

@Article{Anthony_2008,
  Title                    = {Höhere Acene: vielseitige organische Halbleiter},
  Author                   = {J. E. Anthony},
  Journal                  = {Angew. Chem.},
  Year                     = {2008},
  Pages                    = {460~--~492},
  Volume                   = {120},

  Altjournal               = {Angew. Chem. Int. Ed.},
  Altpages                 = {452~--~483},
  Alttitle                 = {The Larger Acenes: Versatile Organic Semiconductors},
  Altvolume                = {47},
  Altyear                  = {2008},
  Owner                    = {Simon},
  Timestamp                = {2013.08.02}
}

@Article{Anthony_2006,
  Title                    = {Functionalized Acenes and Heteroacenes for Organic Electronics},
  Author                   = {J. E. Anthony},
  Journal                  = {Chem Rev},
  Year                     = {2006},
  Number                   = {12},
  Pages                    = {5028~--~5048},
  Volume                   = {106},

  Owner                    = {Simon},
  Timestamp                = {2013.08.09}
}

@Article{Astruc_2011,
  Title                    = {Ferrocenyl dendrimers: multi-electron redox reagents and their applications},
  Author                   = {D. Astruc},
  Journal                  = {New J. Chem.},
  Year                     = {2011},
  Pages                    = {764~--~772},
  Volume                   = {35},

  Copy                     = {RK_10},
  File                     = {:D\:\\rk\\Literatur\\Bis-Fc\\RK_10.pdf:PDF},
  Owner                    = {rk},
  Timestamp                = {2011.05.09}
}

@Article{Astruc/Ornelas/etal_2008,
  Title                    = {Metallocenyl Dendrimers and Their Applications in Molecular Electronics, Sensing, and Catalysis},
  Author                   = {D. Astruc and C. Ornelas and J. Ruiz},
  Journal                  = {Acc. Chem. Res.},
  Year                     = {2008},
  Pages                    = {841~--~856},
  Volume                   = {41},

  Copy                     = {RK_70},
  Coworkers                = {TR,JS},
  File                     = {:D\:\\rk\\Literatur\\Einleitung\\RK_70.pdf:PDF},
  Owner                    = {Simon},
  Timestamp                = {2013.08.27},
  Topics                   = {Metallkomplexe,Dendrimere}
}

@Article{Banks/Yashina/etal_2007,
  Title                    = {Exploring Alkylated Ferrocene Sulfonates as Electrocatalysts for Sulfide Detection},
  Author                   = {C. E. Banks and A. S. Yashina and G. J. Tustin and V. G. H. Lafitte and T. G. J. Jones and N. S. Lawrence},
  Journal                  = {Electroanalysis},
  Year                     = {2007},
  Pages                    = {2518~--~2522},
  Volume                   = {19},

  Copy                     = {RK_19},
  File                     = {:D\:\\rk\\Literatur\\Sulfide\\RK_19.pdf:PDF},
  Owner                    = {rk},
  Timestamp                = {2011.05.09}
}

@Book{Bard/Faulkner_2001,
  Title                    = {Electrochemical Methods. Fundamentals and Applications},
  Author                   = {A.J. Bard and L.R. Faulkner},
  Publisher                = {Wiley},
  Year                     = {2001},

  Address                  = {New York},
  Edition                  = {2.},

  Checked                  = {+},
  Copy                     = {BS Bu189},
  Owner                    = {Simon},
  Pages                    = {286~--~293},
  Timestamp                = {2013.08.27}
}

@Article{Barisic/Cakic/etal_2006,
  Title                    = {Helically Chrial Ferrocene Peptides Containing 1'-Aminoferrocene-1-Carboxylic Acid Subunits as Turn Inducers},
  Author                   = {L. Bari\v{s}i\'{c} and M. \v{C}aki\'{c} and K. A. Mahmoud and Y. Liu and H.-B. Kraatz and H. Pritzkow and S. I. Kirin and N. Metzler-Nolte and V. Rapi\'{c}},
  Journal                  = {Chem. Eur. J.},
  Year                     = {2006},
  Pages                    = {4965~--~4980},
  Volume                   = {12},

  Copy                     = {RK_75},
  Owner                    = {rk},
  Timestamp                = {2011.08.23}
}

@Article{Barriere/Geiger_2006,
  Title                    = {Use of Weakly Coordinating Anions to Develop an Integrated Approach to the Tuning of $\Delta E_{1/2}$ Values by Medium Effects},
  Author                   = {F. Barri\`{e}re and W. E. Geiger},
  Journal                  = {J. Am. Chem. Soc.},
  Year                     = {2006},
  Pages                    = {3980~--~3989},
  Volume                   = {128},

  Copy                     = {RK_74},
  File                     = {:D\:\\rk\\Literatur\\Leitsalz\\RK_74.pdf:PDF},
  Owner                    = {rk},
  Timestamp                = {2011.08.23}
}

@Article{Bendikov/Duong_2004,
  Title                    = {Oligoacenes: Theoretical Prediction of Open-Shell Singlet Diradical Ground States},
  Author                   = {M. Bendikov and H. M. Duong and K. Starkey and K. N. Houk and E. A. Carter and F. Wudl},
  Journal                  = {J. Am. Chem. Soc.},
  Year                     = {2004},
  Pages                    = {7416~--~7417},
  Volume                   = {126},

  Owner                    = {Simon},
  Timestamp                = {2013.09.07}
}

@Article{Bildstein/Malaun/etal_2000,
  Title                    = {Synthesis and electrochemistry of ferrocenyldiazabutadiene metal carbonyl complexes (Fc-DAB)M(CO)_{4} \[M=Cr, Mo, W]},
  Author                   = {B. Bildstein and M. Malaun and H. Kopacka and M. Fontani and P. Zanello},
  Journal                  = {Inorg. Chim. Acta},
  Year                     = {2000},
  Pages                    = {16~--~22},
  Volume                   = {300~--~302},

  Copy                     = {RK_21},
  File                     = {:D\:\\rk\\Literatur\\Bis-Fc\\RK_21.pdf:PDF},
  Owner                    = {rk},
  Timestamp                = {2011.05.10}
}

@Article{Bizzarri/Conte/etal_2011,
  Title                    = {Solvent effects of ionic liquids: investigation of ferrocenes as electrochemical probes},
  Author                   = {C. Bizzarri and V. Conte and B. Floris and P. Galloni},
  Journal                  = {J. Phys. Org. Chem.},
  Year                     = {2011},
  Pages                    = {327~--~334},
  Volume                   = {24},

  Copy                     = {RK_39},
  File                     = {:D\:\\rk\\Literatur\\Lömi\\RK_39.pdf:PDF},
  Owner                    = {rk},
  Timestamp                = {2011.06.01}
}

@Article{Blase/Attaccalite/etal_2011,
  Title                    = {First-principles GW calculations for fullerenes, porphyrins, phtalocyanine, and other molecules of interest for organic photovoltaic applications},
  Author                   = {X. Blase and C. Attaccalite and V. Olevano},
  Journal                  = {Phys. Rev. B},
  Year                     = {2011},
  Number                   = {11},
  Pages                    = {115103/1~--~115103/9},
  Volume                   = {83},

  Owner                    = {Simon},
  Timestamp                = {2013.08.12}
}

@Article{Bott/Feldberg/etal_1995,
  Title                    = {DigiSim 2.0: Digital Simulation Through Windows},
  Author                   = {A. W. Bott and S. W. Feldberg and M. Rudolph},
  Journal                  = {Curr. Sep.},
  Year                     = {1995},
  Pages                    = {108~--~112},
  Volume                   = {13},

  Owner                    = {Simon},
  Timestamp                = {2013.09.08}
}

@Article{Britz_1978,
  Title                    = {$iR$ Elimination in Electrochemical Cells},
  Author                   = {D. Britz},
  Journal                  = {J. Electroanal. Chem.},
  Year                     = {1978},
  Pages                    = {309~--~352},
  Volume                   = {88},

  Checked                  = {+},
  Copy                     = {BS 388a,b;BS F2487},
  Keywords                 = {iR-Drop},
  Owner                    = {Simon},
  Timestamp                = {2013.08.27}
}

@Article{Brown/Meyer/etal_1975,
  Title                    = {Oxidation-State and Electron-Transfer Properties of Mixed-Valence 1,1$\prime$-Polyferrocene Ions},
  Author                   = {G.M. Brown and T.J. Meyer and D.O. Cowan and C. LeVanda and F. Kaufman and P.V. Roling and M.D. Rausch},
  Journal                  = {Inorg. Chem.},
  Year                     = {1975},
  Pages                    = {506~--~511},
  Volume                   = {14},

  Copy                     = {RK_78},
  File                     = {:D\:\\rk\\Literatur\\Bis-Fc\\RK_78.pdf:PDF},
  Owner                    = {Simon},
  Timestamp                = {2013.08.27}
}

@Article{Bula/Fingerle/etal_2013,
  Title                    = {Anti-[2.2](1,4)pentacenophane, a covalently coupled pentacene dimer},
  Author                   = {R. Bula and M. Fingerle and A. Ruff and B. Speiser and C. Maichle-Mössmer and H. F. Bettinger},
  Journal                  = {Angew. Chem.; im Druck},

  Owner                    = {Simon},
  Timestamp                = {2013.08.12}
}

@Article{Casado/Cuadrado/etal_1999a,
  Title                    = {Redox-active Ferrocenyl Dendrimers and Polymers in Solution and Immobilised on Electrode Surfaces},
  Author                   = {C.M. Casado and I. Cuadrado and M. Moran and B. Alonso and B. Garcia and B. Gonzalez and J. Losada},
  Journal                  = {Coord. Chem. Rev.},
  Year                     = {1999},
  Pages                    = {53~--~79},
  Volume                   = {186},

  Copy                     = {RK_69},
  Coworkers                = {SM,TR},
  File                     = {:D\:\\rk\\Literatur\\Einleitung\\RK_69.pdf:PDF},
  Owner                    = {Simon},
  Timestamp                = {2013.08.27}
}

@Article{Cassoux/Dartiguepeyron/etal_1985,
  Title                    = {Automatic $iR$ Drop Correction for Studies of Electrochemical Systems},
  Author                   = {P. Cassoux and R. Dartiguepeyron and P.-L. Fabre and de Montauzon, D.},
  Journal                  = {Electrochim. Acta},
  Year                     = {1985},
  Pages                    = {1485~--~1490},
  Volume                   = {30},

  Checked                  = {+},
  Copy                     = {RK_85},
  Keywords                 = {iR-Drop},
  Owner                    = {Simon},
  Timestamp                = {2013.08.27}
}

@Article{Chen/Mirkin_1995,
  Title                    = {Surveying the Surface Coordination Chemistry of a Superconductor: Spontaneous Adsorption of Monolayer Films of Redox-Active \grqq Ligands \glqq on YBa_{2}Cu_{3}O_{7-\delta}},
  Author                   = {K. Chen and C. A. Mirkin},
  Journal                  = {J. Am. Chem. Soc.},
  Year                     = {1995},
  Pages                    = {6374~--~6375},
  Volume                   = {117},

  Copy                     = {RK_25},
  File                     = {:D\:\\rk\\Literatur\\Bis-Fc\\RK_25.pdf:PDF},
  Owner                    = {rk},
  Timestamp                = {2011.05.10}
}

@Article{Ching/Dudek/etal_1994,
  Title                    = {Cyclic Voltammetry with Ultramicroelectrodes},
  Author                   = {S. Ching and R. Dudek and E. Tabet},
  Journal                  = {J. Chem. Educ.},
  Year                     = {1994},
  Pages                    = {602~--~605},
  Volume                   = {71},

  Copy                     = {RK_72},
  File                     = {:D\:\\rk\\Literatur\\Allgemein\\RK_72.pdf:PDF},
  Keywords                 = {Mikroelektroden,CV},
  Owner                    = {Simon},
  Timestamp                = {2013.08.27}
}

@Article{Connelly/Geiger_1996,
  Title                    = {Chemical Redox Agents for Organometallic Chemistry},
  Author                   = {N.G. Connelly and W.E. Geiger},
  Journal                  = {Chem. Rev.},
  Year                     = {1996},
  Note                     = {RK_71},
  Pages                    = {877~--~910},
  Volume                   = {96},

  Checked                  = {+},
  Copy                     = {BS 3229;SB 045;KL 102},
  Owner                    = {Simon},
  Timestamp                = {2013.08.27}
}

@Article{Coppo/Yeats_2005,
  Title                    = {Shining light on a pentacene derivative: The role of photoinduced cycloadditions},
  Author                   = {P. Coppo and S. G. Yeates},
  Journal                  = {Adv. Mat.},
  Year                     = {2005},
  Number                   = {24},
  Pages                    = {3001~--~3005},
  Volume                   = {17},

  Owner                    = {Simon},
  Timestamp                = {2013.08.13}
}

@Article{Corval/Kryschi/etal_1994,
  Title                    = {Resonant Intersystem Crossing in Pentacene},
  Author                   = {A. Corval and C. Kryschi and S. Astilean and H. P. Trommsdorff},
  Journal                  = {J. Phys. Chem.},
  Year                     = {1994},
  Number                   = {30},
  Pages                    = {7376~--~7381},
  Volume                   = {98},

  Owner                    = {Simon},
  Timestamp                = {2013.08.09}
}

@Book{Cotton/Wilkinson_1974,
  Title                    = {{Anorganische Chemie --- eine zusammenfassende Darstellung f\"ur Fortgeschrittene}},
  Author                   = {F.A. Cotton and G. Wilkinson},
  Publisher                = {Verlag Chemie},
  Year                     = {1974},

  Address                  = {Weinheim/Bergstr.},
  Edition                  = {3.},

  Copy                     = {BS Bu56},
  Owner                    = {Simon},
  Timestamp                = {2013.08.27}
}

@Article{Cox/Schneider/etal_1992,
  Title                    = {Ferrocene tagging of amines, amino acids ans peptides for liquid chromatography with electrochemical detection},
  Author                   = {R. L. Cox and T. W. Schneider and M. D. Koppang},
  Journal                  = {Anal. Chim. Acta},
  Year                     = {1992},
  Pages                    = {145~--~159},
  Volume                   = {262},

  Copy                     = {RK_20},
  File                     = {:D\:\\rk\\Literatur\\Bis-Fc\\RK_20.pdf:PDF},
  Owner                    = {rk},
  Timestamp                = {2011.05.09}
}

@Article{Dummling2000,
  Title                    = {Thermodynamische und kinetische Parameter von Zweielektronentransfers und ihr Stukturabhängigkeit - elektrochemische Rduktion von Imidazolium-Dithiocarboxylaten und Ruthenium-Arenkomplexen},
  Author                   = {S. D\"ummling},
  Journal                  = {Dissertation, Universit\"at T\"ubingen},
  Year                     = {2000},

  Copy                     = {RK_43},
  Owner                    = {rk},
  Timestamp                = {2011.07.25}
}

@Article{Duemmling/Eichhorn/etal_1996,
  Title                    = {Recycling of the Supporting Electrolyte Tetra(\textit{n}-butyl)ammonium Hexafluorophosphate from Used Electrolyte Solutions},
  Author                   = {S. D\"ummling and E. Eichhorn and S. Schneider and B. Speiser and M. W\"urde},
  Journal                  = {Curr. Sep.},
  Year                     = {1996},
  Pages                    = {53~--~56},
  Volume                   = {15},

  Copy                     = {RK_43},
  File                     = {:D\:\\rk\\Literatur\\Allgemein\\RK_43.pdf:PDF},
  Owner                    = {rk},
  Timestamp                = {2011.07.26}
}

@Article{Daniel/Ruiz/etal_2003,
  Title                    = {Synthesis of Five Generations of Redox-Stable Pentamethylamidoferrocenyl Dendrimers and Comparison of Amidoferrocenyl- and Pentamethylamidoferrocenyl Dendrimers as Electrochemical Exoreceptors for the Selective Recognition of H_{2}PO_{4}^{-}, HSO_{4}^{-}, and Adenosine 5'-Triphosphate \(ATP\) Anions: Stereoelectronic and Hydrophobic Roles of Cyclopentadienyl Permethylation},
  Author                   = {M.-C. Daniel and J. Ruiz and J.-C. Blais and N. Daro and D. Astruc},
  Journal                  = {Chem. Eur. J.},
  Year                     = {2003},
  Pages                    = {4371~--~4379},
  Volume                   = {9},

  Copy                     = {RK_29},
  File                     = {:D\:\\rk\\Literatur\\Bis-Fc\\RK_29.pdf:PDF},
  Owner                    = {rk},
  Timestamp                = {2011.05.10}
}

@Article{Diallo/Absalon/etal_2011,
  Title                    = {Ferrocenyl-Terminated Redox Stars: Synthesis and Electrostatic Effects in Mixed-Valence Stabilization},
  Author                   = {A.K. Diallo and C. Absalon and J. Ruiz and D. Astruc},
  Journal                  = {J. Am. Chem. Soc.},
  Year                     = {2011},
  Pages                    = {629~--~641},
  Volume                   = {133},

  Copy                     = {RK_5},
  Coworkers                = {RK},
  File                     = {:D\:\\rk\\Literatur\\Bis-Fc\\RK_5.pdf:PDF},
  Owner                    = {rk},
  Projects                 = {ZET},
  Timestamp                = {2011.05.09},
  Topics                   = {Ferrocene}
}

@Article{Dong/Lin/etal_2004,
  Title                    = {Development of Polynuclear Molecular Wires Containing Ruthenium(II) Terpyridine Complexes},
  Author                   = {T.-Y. Dong and M.-C. Lin and M.Y.-N. Chiang and J.-Y. Wu},
  Journal                  = {Organometallics},
  Year                     = {2004},
  Pages                    = {3921~--~3930},
  Volume                   = {23},

  Copy                     = {RK_54},
  Coworkers                = {ARu,RK},
  File                     = {:D\:\\rk\\Literatur\\Bis-Fc\\RK_54.pdf:PDF},
  Owner                    = {Simon},
  Timestamp                = {2013.08.27},
  Topcis                   = {Bisferrocen}
}

@Article{Donoli/Bisello/etal_2011,
  Title                    = {Single Two-Electron Transfers and Successive One-Electron Transfers in Biferrocenyl--Indacene Isomers},
  Author                   = {A. Donoli and A. Bisello and R. Cardena and F. Benetollo and A. Ceccon and S. Santi},
  Journal                  = {Organometallics},
  Year                     = {2011},
  Pages                    = {1116~--~1121},
  Volume                   = {30},

  Copy                     = {RK_1},
  Coworkers                = {ARu,RK},
  File                     = {:D\:\\rk\\Literatur\\Leitsalz\\RK_1.pdf:PDF},
  Owner                    = {rk},
  Projects                 = {ZET},
  Timestamp                = {2011.05.09},
  Topics                   = {Ferrocene}
}

@PhdThesis{Duemmling_2000,
  Title                    = {Dissertation},
  Author                   = {S. Dümmling},
  School                   = {Eberhard-Karls-Universität Tübingen},
  Year                     = {2000},

  Owner                    = {Simon},
  Timestamp                = {2013.08.14}
}

@Article{Duemmling_1996,
  Title                    = {Einführung in die Arbeitstechniken der Elektroanalytik im AK Speiser},
  Author                   = {S. Dümmling},
  Journal                  = {Einführung in die Arbeitstechniken der Elektroanalytik im AK Speiser},
  Year                     = {1996},

  Copy                     = {RK_40},
  Owner                    = {rk},
  Timestamp                = {2011.07.20}
}

@PhdThesis{Eichhorn_1995,
  Title                    = {{Analyse thermodynamischer Parameter von Solvensaustauschreaktionen an {\em N}, {\em N}$^\prime$-Bis-(2-oxybenzyliden)ethylendiiminatokobalt(II) mit elektroanalytischen Methoden}},
  Author                   = {E.\ Eichhorn},
  School                   = {Universit\"at T\"ubingen},
  Year                     = {1995},

  Copy                     = {BS Dis39},
  Owner                    = {Simon},
  Timestamp                = {2013.08.27}
}

@Article{Eichhorn_1995b,
  Title                    = {{Analyse thermodynamischer Parameter von Solvensaustauschreaktionen an {\em N}, {\em N}$^\prime$-Bis-(2-oxybenzyliden)ethylendiiminatokobalt(II) mit elektroanalytischen Methoden}},
  Author                   = {E. Eichhorn},
  Journal                  = {Dissertation, Universit\"at T\"ubingen},
  Year                     = {1995},

  Owner                    = {rk},
  Timestamp                = {2011.09.14}
}

@Article{Eichhorn/Rieker/etal_1997,
  Title                    = {Electrochemistry of Oxygenation Catalysts. 3.^{1} Thermodynamic Characterization of Electron Transfer and Solvent Exchange Reactions of Co\(salen\)/\[Co\(salen\)\]^{+} in DMF, Pyridine, and Their Mixtures},
  Author                   = {E. Eichhorn and A. Rieker and B. Speiser and H. Stahl},
  Journal                  = {Inorg. Chem.},
  Year                     = {1997},
  Pages                    = {3307~--~3317},
  Volume                   = {36},

  Copy                     = {RK_28},
  File                     = {:D\:\\rk\\Literatur\\DMF\\RK_28.pdf:PDF},
  Owner                    = {rk},
  Timestamp                = {2011.05.10}
}

@Article{Eichhorn/Speiser_1994,
  Title                    = {Electrochemistry of oxygenation catalysts
Part 4. Solvent-composition-dependent isopotential points in cyclic voltammograms of Co\(SALEN\)^{+}},
  Author                   = {E. Eichhorn and B. Speiser},
  Journal                  = {J. Electroanal. Chem.},
  Year                     = {1994},
  Pages                    = {207~--~212},
  Volume                   = {365},

  Copy                     = {RK_27},
  Owner                    = {rk},
  Timestamp                = {2011.05.10}
}

@Article{Einstein_1906,
  Title                    = {{Eine neue Bestimmung der Molek\"uldimensionen}},
  Author                   = {A. Einstein},
  Journal                  = {Ann. Physik},
  Year                     = {1906},
  Pages                    = {289~--~306},
  Volume                   = {19},

  Checked                  = {+},
  Copy                     = {RK_93},
  Owner                    = {Simon},
  Projects                 = {Diffusion},
  Timestamp                = {2013.08.27}
}

@Article{FundaEkti/Huer_2008,
  Title                    = {Microwave assisted synthesis of ferrocene amides},
  Author                   = {S. Funda Ekti and D. H\"ur},
  Journal                  = {Inorg. Chem. Commun.},
  Year                     = {2008},
  Pages                    = {1027~--~1029},
  Volume                   = {11},

  Copy                     = {RK_8},
  File                     = {:D\:\\rk\\Literatur\\Bis-Fc\\RK_8.pdf:PDF},
  Owner                    = {rk},
  Timestamp                = {2011.05.09}
}

@Article{Evans/Hu_1996,
  Title                    = {Inverted Potentials in Two-Electron Processes in Organic Electrochemistry},
  Author                   = {D.H. Evans and K. Hu},
  Journal                  = {J. Chem. Soc. Faraday Trans.},
  Year                     = {1996},
  Note                     = {RK_89},
  Pages                    = {3983~--~3990},
  Volume                   = {92},

  Checked                  = {+},
  Copy                     = {BS 3290;MW 150;KL 11},
  File                     = {:D\:\\rk\\Literatur\\Allgemein\\RK_89.pdf:PDF},
  Keywords                 = {Mehrelektronenuebergaenge},
  Owner                    = {Simon},
  Timestamp                = {2013.08.27}
}

@Article{Evans_2008,
  Title                    = {One-Electron and Two-Electron Transfers in Electrochemistry and Homogeneous Solution Reactions},
  Author                   = {D. H. Evans},
  Journal                  = {Chem. Rev.},
  Year                     = {2008},
  Pages                    = {2113~--~2144},
  Volume                   = {108},

  Copy                     = {RK_15},
  File                     = {:D\:\\rk\\Literatur\\Lömi\\RK_15.pdf:PDF},
  Owner                    = {rk},
  Timestamp                = {2011.05.09}
}

@Article{Fabre_2010,
  Title                    = {Ferrocene-Terminated Monolayers Covalently Bound to Hydrogen-Terminated Silicon Surfaces. Toward the Development of Charge Storage and Communication Devices},
  Author                   = {B. Fabre},
  Journal                  = {Acc. Chem. Res.},
  Year                     = {2010},
  Pages                    = {1509~--~1518},
  Volume                   = {43},

  Copy                     = {RK_92},
  Coworkers                = {ARu,JS,NP},
  File                     = {:D\:\\rk\\Literatur\\Allgemein\\RK_92.pdf:PDF},
  Owner                    = {Simon},
  Projects                 = {Interphasen},
  Timestamp                = {2013.08.27},
  Topics                   = {Oberflaechenmodifizierung}
}

@Article{Fingerle_2012,
  Title                    = {Alternative Synthesen eines organischen Halbleitermaterials},
  Author                   = {Michael Fingerle},
  Journal                  = {Bachelorarbeit, Universität Tübingen},
  Year                     = {2012},

  Owner                    = {Simon},
  School                   = {Eberhard-Karls-Universität Tübingen},
  Timestamp                = {2013.08.14}
}

@Article{Fudickar/Linker_2012,
  Title                    = {Why Triple Bonds Protect Acenes from Oxidation and Decomposition},
  Author                   = {W. Fudickar and T. Linker},
  Journal                  = {J. Am. Chem. Soc.},
  Year                     = {2012},
  Number                   = {36},
  Pages                    = {15071~--~15082},
  Volume                   = {134},

  Owner                    = {Simon},
  Timestamp                = {2013.08.12}
}

@Article{Gelinck/Huitema/etal_2004,
  Title                    = {Flexible active-matrix displays and shift registers based on solution-processed organic transistors},
  Author                   = {G. H. Gelinck and H.E.A. Huitema and E. van Veenendaal and E.Cantatore and L. Schrijnemakers and J. B. P. H. van der Putten and T. C. T. Geuns and M. Beenhakkers and J. B. Giesbers and B.-H. Huisman and E. J. Meijer and E. M. Benito and F. J. Touwslager and A. W. Marsman and B. J. E. van Rens and D. M. de Leeuw},
  Journal                  = {Nat. Mater.},
  Year                     = {2004},
  Number                   = {2},
  Pages                    = {106~--~110},
  Volume                   = {3},

  Owner                    = {Simon},
  Timestamp                = {2013.08.09}
}

@Article{Gericke/Barnard/etal_2010,
  Title                    = {Solvent and electrolyte effects in enhancing the identification of intramolecular electronic communication in a multi redox-active diruthenium tetraferrocenoate complex, a triple-sandwiched dicadmium phthalocyanine and a ruthenocene-containing $\beta$-diketone},
  Author                   = {H. J Gericke and N. I. Barnard and E. Erasmus and J. C. Swarts and M. J. Cook and M. A. S. Aquino},
  Journal                  = {Inorg. Chim. Acta},
  Year                     = {2010},
  Pages                    = {2222~--~2232},
  Volume                   = {363},

  Copy                     = {RK_81},
  Owner                    = {rk},
  Timestamp                = {2011.08.25}
}

@Article{Gollas/Krauss/etal_1994,
  Title                    = {Design of a Single-Unit Haber-Luggin Capillary/Dual Reference-Electrode System},
  Author                   = {B. Gollas and B. Krau\ss and B. Speiser and H. Stahl},
  Journal                  = {Curr. Sep.},
  Year                     = {1994},
  Pages                    = {42~--~44},
  Volume                   = {13},

  Copy                     = {RK_22},
  File                     = {:D\:\\rk\\Literatur\\Allgemein\\RK_22.pdf:PDF},
  Owner                    = {rk},
  Timestamp                = {2011.05.10}
}

@Article{Gollas1994,
  Title                    = {Practical Problems in Voltammetry 3: Reference Electrodes for Voltammetry},
  Author                   = {B. Gollas and B. Krauß and B. Speiser and H. Stahl},
  Journal                  = {Curr. Sep.},
  Year                     = {1994},
  Pages                    = {42~--~44},
  Volume                   = {13},

  Owner                    = {Simon},
  Timestamp                = {2013.08.15}
}

@Article{Granstorm/Katz_2004,
  Title                    = {Pentacene Transistors with polymer gate dielectrics on metallized optical fibers},
  Author                   = {J. Granstorm and H.E. Katz},
  Journal                  = {J. Mater. Res.},
  Year                     = {2004},
  Pages                    = {3540~--~3546},
  Volume                   = {19},

  Owner                    = {Simon},
  Timestamp                = {2013.08.09}
}

@Article{Griffith/Anthony/etal_2012,
  Title                    = {Substituent Effects on the Electronic Characteristics of Pentacene Derivatives for Organic Electronic Devices: Dioxolane-Substituted Pentacene Derivatives with Triisopropylsilylethynyl Functional Groups},
  Author                   = {O. L. Griffith and J. E. Anthony and A. G. Jones and Y. Shu and D. L. Lichtenberger},
  Journal                  = {J. Am. Chem. Soc.},
  Year                     = {2012},
  Number                   = {34},
  Pages                    = {14185~--~14194},
  Volume                   = {134},

  Owner                    = {Simon},
  Timestamp                = {2013.08.23}
}

@Article{Gritzner/Kuta_1984,
  Title                    = {Recommendations on reporting electrode potentials in nonaqueous solvents},
  Author                   = {G. Gritzner and J. K\r{u}ta},
  Journal                  = {Pure Appl. Chem.},
  Year                     = {1984},
  Pages                    = {461~--~466},
  Volume                   = {56},

  Copy                     = {RK_11},
  File                     = {:D\:\\rk\\Literatur\\Allgemein\\RK_11.pdf:PDF},
  Owner                    = {rk},
  Timestamp                = {2011.05.09}
}

@Article{Huer/FundaEkti/etal_2010,
  Title                    = {{\em N}-ferrocenoyl benzotriazole: A convenient tool for synthesis of ferrocenoyl esters},
  Author                   = {D. H\"ur and S. Funda Ekti and H. Dal},
  Journal                  = {J. Organomet. Chem.},
  Year                     = {2010},
  Pages                    = {1031~--~1034},
  Volume                   = {695},

  Copy                     = {RK_7},
  File                     = {:D\:\\rk\\Literatur\\Bis-Fc\\RK_7.pdf:PDF},
  Owner                    = {rk},
  Timestamp                = {2011.05.09}
}

@Book{Hamann/Vielstich_1998,
  Title                    = {{Elektrochemie}},
  Author                   = {C.H. Hamann and W. Vielstich},
  Publisher                = {Wiley-VCH},
  Year                     = {1998},

  Address                  = {Weinheim},
  Edition                  = {3.},

  Copy                     = {BS Bu175},
  Owner                    = {Simon},
  Timestamp                = {2013.08.27}
}

@Article{Hapiot/Lagrost_2008,
  Title                    = {Electrochemical Reactivity in Room-Temperature Ionic Liquids},
  Author                   = {P. Hapiot and C. Lagrost},
  Journal                  = {Chem. Rev.},
  Year                     = {2008},
  Number                   = {7},
  Pages                    = {2238~--~2264},
  Volume                   = {108},

  Owner                    = {Simon},
  Timestamp                = {2013.08.28}
}

@Article{Heinze_1993,
  Title                    = {Elektrochemie der Ultramikroelektroden},
  Author                   = {J. Heinze},
  Journal                  = {Angew. Chem.},
  Year                     = {1993},
  Pages                    = {1327~--~1349},
  Volume                   = {105},

  Copy                     = {RK_13},
  File                     = {:D\:\\rk\\Literatur\\Allgemein\\RK_13.pdf:PDF},
  Owner                    = {rk},
  Timestamp                = {2011.05.09}
}

@Article{Heinze_1984,
  Title                    = {{Cyclovoltammetrie --- die ``Spektroskopie'' des Elektrochemikers}},
  Author                   = {J. Heinze},
  Journal                  = {Angew. Chem.},
  Year                     = {1984},
  Pages                    = {823~--~840},
  Volume                   = {96},

  Altjournal               = {Angew. Chem. Int. Ed. Engl.},
  Altpages                 = {831~--~847},
  Alttitle                 = {Cyclic Voltammetry --- the ``Spectroscopy'' of the Electrochemist},
  Altvolume                = {23},
  Altyear                  = {1984},
  Checked                  = {+},
  Copy                     = {BS 902;BS F3289;BG 52;MW 009;SB 011;WM 067},
  Keywords                 = {CV},
  Owner                    = {Simon},
  Timestamp                = {2013.08.27}
}

@Article{Heinze_1984a,
  Title                    = {Cyclic Voltammetry - \glqq Electrochemical Spectroscopy \grqq},
  Author                   = {J. Heinze},
  Journal                  = {Angew. Chem. Int. Ed.},
  Year                     = {1984},
  Pages                    = {831~--~918},
  Volume                   = {23},

  Copy                     = {RK_16},
  File                     = {:D\:\\rk\\Literatur\\Allgemein\\RK_16.pdf:PDF},
  Owner                    = {rk},
  Timestamp                = {2011.05.09}
}

@Article{Hill/Lamanna/etal_1991,
  Title                    = {Tetrabutylammonium Tetrakis[3,5-bis(trifluoromethyl)phenyl]borate as a Noncoordinating Electrolyte: Reversible 1e$^-$ Oxidations of Ruthenocene, Osmocene and {Rh$_2$(TM4)$_4^{2+}$} ({TM4} = 2,5-Diisocyano-2,5-dimethylhexane)},
  Author                   = {M.G. Hill and W.M. Lamanna and K.R. Mann},
  Journal                  = {Inorg. Chem.},
  Year                     = {1991},
  Pages                    = {4687~--~4690},
  Volume                   = {30},

  Checked                  = {+},
  Copy                     = {RK_83},
  Keywords                 = {Leitsalze},
  Owner                    = {Simon},
  Timestamp                = {2013.08.27}
}

@Article{Hua/McGill/etal_2003,
  Title                    = {Parallel and perpendicular stacking of ferrocene rings. Synthesis, X-Ray structures, and electrochemistry of 1,8-bis-[1-(1'-phenylthio)ferrocenyl]naphthalene and 8,8'-bis-[1-(phenylthio)ferrocenyl]-1,1'-binaphthyl},
  Author                   = {D. H. Hua and J. W. McGill and K. Lou and A. Ueki and B. Helfrich and J. Desper and P. Zanello and A. Cinquantini and M. Corsini and M. Fontani},
  Journal                  = {Inorg. Chim. Acta},
  Year                     = {2003},
  Pages                    = {259~--~265},
  Volume                   = {350},

  Copy                     = {RK_87},
  File                     = {:D\:\\rk\\Literatur\\Bis-Fc\\RK_87.pdf:PDF},
  Owner                    = {rk},
  Timestamp                = {2011.09.06}
}

@Article{Janisch_2010,
  Title                    = {Cyclovoltammetrische Bestimmung elektrochemischer Parameter von Ferrocen und einem Bis-Ferrocen mit Platinelektroden},
  Author                   = {J. Janisch},
  Journal                  = {Wissenschaftliche Arbeit im Fach Chemie, Universität Tübingen},
  Year                     = {2010},

  Copy                     = {RK_41},
  Owner                    = {rk},
  Timestamp                = {2011.07.20}
}

@Article{Janisch/Ruff/etal_2011,
  Title                    = {Consistent diffusion coefficients of ferrocene in some non-aqueous solvents: electrochemical simultaneous determination together with electrode sizes and comparison to pulse-gradient spin-echo NMR results},
  Author                   = {J. Janisch and A. Ruff and B. Speiser and C. Wolff and J. Zigelli and S. Benthin and V. Feldmann and H. A. Mayer},
  Journal                  = {J. Solid State Electrochem.},
  Year                     = {2011},
  Pages                    = {2083-2094},
  Volume                   = {15},

  Copy                     = {RK_56},
  File                     = {:D\:\\rk\\Literatur\\Allgemein\\RK_56.pdf:PDF},
  Owner                    = {rk},
  Timestamp                = {2011.08.05}
}

@Article{Jiang/Kaafarani_2006,
  Title                    = {Design, Synthesis, and Properties of New Derivatives of Pentacene},
  Author                   = {J. Jiang and B. R. Kaafarani and D. C. Neckers},
  Journal                  = {J. Org. Chem.},
  Year                     = {2006},
  Pages                    = {2155~--~2158},
  Volume                   = {71},

  Owner                    = {Simon},
  Timestamp                = {2013.09.07}
}

@Article{Kapturkiewicz/Behr_1983,
  Title                    = {Voltammetric Studies of Co(salen) and Ni(salen) in Nonaqueous Solvents at Pt-Electrode},
  Author                   = {A. Kapturkiewicz and B. Behr},
  Journal                  = {Inorg. Chim. Acta},
  Year                     = {1983},
  Pages                    = {247~--~251},
  Volume                   = {69},

  Copy                     = {RK_84},
  Keywords                 = {Co-Komplexe,Eqr},
  Owner                    = {Simon},
  Timestamp                = {2013.08.27}
}

@Article{KatsutaMiyagi_2011,
  Title                    = {Synthesis, Properties, and Ambipolar Organic Field-Effect Transistor Performances of Symmetrically Cyanated Pentacene and Naphthacene as Air-Stable Acene Derivatives},
  Author                   = {S. Katsuta and D. Miyagi and H. Yamada and T. Okujima and S. Mori and K. Nakayama and H. Uno},
  Journal                  = {Org. Lett.},
  Year                     = {2011},
  Pages                    = {1454~--~1457},
  Volume                   = {13},

  Owner                    = {Simon},
  Timestamp                = {2013.09.07}
}

@Article{Kaur/Jia/etal_2008,
  Title                    = {Substituent Effects in Pentacenes: Gaining Control over HOMO-LUMO Gaps and Photooxidative Resistances},
  Author                   = {I. Kaur and W. Jia and R. P. Kopreski and S. Selvarasah and M. R. Dokmeci and C. Pramanik and N. E. McGruer and G. P. Miller},
  Journal                  = {J. Am. Chem. Soc.},
  Year                     = {2008},
  Number                   = {48},
  Pages                    = {16274~--~16286},
  Volume                   = {130},

  Owner                    = {Simon},
  Timestamp                = {2013.08.13}
}

@Article{Kissinger/Heinemann_1983,
  Title                    = {Cyclic Voltammetry},
  Author                   = {P. T. Kissinger and W. R. Heinemann},
  Journal                  = {J. Chem. Educ.},
  Year                     = {1983},
  Pages                    = {702~--~706},
  Volume                   = {60},

  Copy                     = {RK_44},
  Owner                    = {rk},
  Timestamp                = {2011.07.26}
}

@Article{Klinkhammer_2011,
  Title                    = {Cyclovoltammetrie des N,N'-Bis(ferrocenoyl)ethylendiamins in einigen nicht-wässrigen Elektrolyten},
  Author                   = {R. Klinkhammer},
  Journal                  = {Wissenschaftliche Arbeit im Fach Chemie},
  Year                     = {2011},

  Owner                    = {Simon},
  Timestamp                = {2013.08.27}
}

@Article{Koepp/Wendt/etal_1960,
  Title                    = {{Der Vergleich der Spannungsreihen in verschiedenen Solventien. II.}},
  Author                   = {H.-M. Koepp and H. Wendt and H. Strehlow},
  Journal                  = {Z. Elektrochem.},
  Year                     = {1960},
  Pages                    = {483~--~491},
  Volume                   = {64},

  Copy                     = {RK_48},
  Keywords                 = {Referenzsysteme},
  Owner                    = {Simon},
  Timestamp                = {2013.08.27}
}

@Book{Kortuem_1972a,
  Title                    = {{Lehrbuch der Elektrochemie}},
  Author                   = {G. Kort{\"u}m},
  Publisher                = {Verlag Chemie},
  Year                     = {1972},

  Address                  = {Weinheim/Bergstr.},
  Edition                  = {5},

  Copy                     = {BS Bu27},
  Owner                    = {Simon},
  Timestamp                = {2013.08.27}
}

@Article{Krossing_2001,
  Title                    = {The Facile Preparation of Weakly Coordinating Anions: Structure and Characterisation of Silverpolyfluoroalkoxyaluminates AgAl\(OR_{F}\)_{4}, Calculation of the Alkoxide Ion Affinity},
  Author                   = {I. Krossing},
  Journal                  = {Chem. Eur. J.},
  Year                     = {2001},
  Pages                    = {490~--~502},
  Volume                   = {7},

  Copy                     = {RK_38},
  File                     = {:D\:\\rk\\Literatur\\SciFinder Leitsalz\\RK_38.pdf:PDF},
  Owner                    = {rk},
  Timestamp                = {2011.06.01}
}

@Article{Krossing/Raabe_2004a,
  Title                    = {Relative Stabilities of Weakly Coordinating Anions: A Computational Study},
  Author                   = {I. Krossing and I. Raabe},
  Journal                  = {Chem. Eur. J.},
  Year                     = {2004},
  Pages                    = {5017~--~5030},
  Volume                   = {10},

  Copy                     = {RK_34},
  File                     = {:D\:\\rk\\Literatur\\SciFinder Leitsalz\\RK_34.pdf:PDF},
  Owner                    = {rk},
  Timestamp                = {2011.06.01}
}

@Article{Krossing/Raabe_2004b,
  Title                    = {Nicht koordinierende Anionen - Traum oder Wirklichkeit? Eine Übersicht zu möglichen Kandidaten},
  Author                   = {I. Krossing and I. Raabe},
  Journal                  = {Angew. Chem.},
  Year                     = {2004},
  Pages                    = {2116~--~2142},
  Volume                   = {116},

  Altjournal               = {Angew. Chem. Int. Ed.},
  Altpages                 = {2066~--~2090},
  Alttitle                 = {Noncoordinating Anions - Fact of Fiction? A Survey of Likely Candidates},
  Altvolume                = {43},
  Altyear                  = {2004},
  Copy                     = {RK_35},
  File                     = {:D\:\\rk\\Literatur\\SciFinder Leitsalz\\RK_35.pdf:PDF},
  Owner                    = {rk},
  Timestamp                = {2011.06.01}
}

@Article{Lee/Kim/etal_2004,
  Title                    = {Correlation between photoelectric and optical absorption spectra of thermally evaporated pentacene films},
  Author                   = {J. Lee and S.S. Kim and K.Kim and J.H. Kim and S. Im},
  Journal                  = {Appl. Phys. Lett.},
  Year                     = {2004},
  Number                   = {10},
  Pages                    = {1701~--~1703},
  Volume                   = {84},

  Owner                    = {Simon},
  Timestamp                = {2013.08.09}
}

@Article{LeSuer/Buttolph/etal_2004,
  Title                    = {Comparison of the Conductivity Properties of the Tetrabutylammonium Salt of Tetrakis(pentafluorophenyl)borate Anion with Those of Traditional Supporting Electrolyte Anions in Nonaqueous Solvents},
  Author                   = {R.J. LeSuer and C. Buttolph and W.E. Geiger},
  Journal                  = {Anal. Chem.},
  Year                     = {2004},
  Pages                    = {6395~--~6401},
  Volume                   = {76},

  Copy                     = {RK_80},
  Coworkers                = {CT,WM,FN,NP,MS,EP},
  File                     = {:D\:\\rk\\Literatur\\Leitsalz\\RK_80.pdf:PDF},
  Owner                    = {Simon},
  Timestamp                = {2013.08.27},
  Topics                   = {Leitsalze}
}

@Article{LeSuer/Geiger_2000,
  Title                    = {Improved Electrochemistry in Low-Polarity Media Using Tetrakis(pentafluorophenyl)borate Salts as Supporting Electrolyte},
  Author                   = {R. J. LeSuer and W. E. Geiger},
  Journal                  = {Angew. Chem.},
  Year                     = {2000},
  Pages                    = {254~--~256},
  Volume                   = {112},

  Altjournal               = {Angew. Chem. Int. Ed.},
  Altpages                 = {248~--~250},
  Alttitle                 = {Improved Electrochemistry in Low-Polarity Media Using Tetrakis(pentafluorophenyl)borate Salts as Supporting Electrolyte},
  Altvolume                = {39},
  Altyear                  = {2000},
  Copy                     = {RK_82},
  Owner                    = {rk},
  Timestamp                = {2011.08.29}
}

@Article{Levanda/Bechgaard/etal_1976,
  Title                    = {Mixed Valence Cations. Chemistry of $\pi$-Bridged Analogues of Biferrocene and Biferrocenylene},
  Author                   = {C. Levanda and K. Bechgaard and D.O. Cowan},
  Journal                  = {J. Org. Chem.},
  Year                     = {1976},
  Pages                    = {2700~--~2704},
  Volume                   = {41},

  Copy                     = {RK_77},
  File                     = {:D\:\\rk\\Literatur\\Bis-Fc\\RK_77.pdf:PDF},
  Owner                    = {Simon},
  Timestamp                = {2013.08.27}
}

@Article{Lewandowski/Waligora/etal_2009,
  Title                    = {Ferrocene as a Reference Redox Couple for Aprotic Ionic Liquids},
  Author                   = {A. Lewandowski and L. Waligora and M. Galinski},
  Journal                  = {Electroanalysis},
  Year                     = {2009},
  Pages                    = {2221~--~2227},
  Volume                   = {21},

  Copy                     = {RK_58},
  Coworkers                = {JJ,MSc,CW},
  File                     = {:D\:\\rk\\Literatur\\Allgemein\\RK_58.pdf:PDF},
  Owner                    = {Simon},
  Timestamp                = {2013.08.27},
  Topivs                   = {Ferrocene,Referenz,ionischeFluessigkeiten}
}

@Article{Li/Wu/etal_2011,
  Title                    = {An Electrochemical and Optical Anion Chemosensor Based on Tripodal Tris(ferrocenylurea)},
  Author                   = {M. Li and B. Wu and C. Jia and X. Huang and Q. Zhao and S. Shao and X.-J. Yang},
  Journal                  = {Chem. Eur. J.},
  Year                     = {2011},
  Pages                    = {2272~--~2280},
  Volume                   = {17},

  Copy                     = {RK_2},
  Coworkers                = {RK},
  File                     = {:D\:\\rk\\Literatur\\Bis-Fc\\RK_2.pdf:PDF},
  Owner                    = {rk},
  Timestamp                = {2011.05.09},
  Topics                   = {Ferrocene}
}

@Article{Li/Kuehn_2008,
  Title                    = {A straightforward preparation of acetonitrile ligated silver perfluoroalkoxy aluminate \[Ag\(NCCH_{3}\)_{4}\]\[Al\{OC\(CF_{3}\)_{3}\}_{4}\]},
  Author                   = {Y. Li and F. E. K\"uhn},
  Journal                  = {J. Organomet. Chem.},
  Year                     = {2008},
  Pages                    = {2465~--~2467},
  Volume                   = {693},

  Copy                     = {RK_37},
  File                     = {:D\:\\rk\\Literatur\\SciFinder Leitsalz\\RK_37.pdf:PDF},
  Owner                    = {rk},
  Timestamp                = {2011.06.01}
}

@Article{Liu/Li/etal_2005,
  Title                    = {Interaction between $N,N^{\prime}$-Bis(ferrocenoyl)- diaminoethane and $\beta$-Cyclodextrin},
  Author                   = {J. Liu and Y.-G. Li and J.-Y. He and Y. Fang},
  Journal                  = {Chin. J. Appl. Chem.; Yingyong-huaxue},
  Year                     = {2005},
  Pages                    = {395~--~398},
  Volume                   = {22},

  Copy                     = {RK_49},
  Coworkers                = {CW},
  Owner                    = {Simon},
  Timestamp                = {2013.08.27},
  Topics                   = {Ferrocen}
}

@Article{Matsuda/Ayabe_1955,
  Title                    = {{Zur Theorie der Randles-Sev{\v{c}}ikschen Kathodenstrahl-Polarographie}},
  Author                   = {H. Matsuda and Y. Ayabe},
  Journal                  = {Z. Elektrochem.},
  Year                     = {1955},
  Pages                    = {494~--~503},
  Volume                   = {59},

  Checked                  = {+},
  Copy                     = {RK_66},
  Keywords                 = {Eqr},
  Owner                    = {Simon},
  Timestamp                = {2013.08.27}
}

@Article{Mayer/Lloyd/etal_2004,
  Title                    = {Postfabrication annealing of pentacene-based photovoltaic cells},
  Author                   = {A.C. Mayer and M.T. Lloyd and D.J. Herman and T.G. Kasen and G.G. Malliaras},
  Journal                  = {Appl. Phys. Lett.},
  Year                     = {2004},
  Number                   = {25},
  Pages                    = {6272~--~6274},
  Volume                   = {85},

  Owner                    = {Simon},
  Timestamp                = {2013.08.09}
}

@Article{McKeever/Waack_1969,
  Title                    = {Electrolytic formation organometallic compounds},
  Author                   = {L. D. McKeever and R. Waack},
  Journal                  = {J. Organomet. Chem.},
  Year                     = {1969},
  Number                   = {1},
  Pages                    = {142~--~144},
  Volume                   = {17},

  Owner                    = {Simon},
  Timestamp                = {2013.09.09}
}

@Article{Nakanishi/Kajii/etal_2012,
  Title                    = {6,13-Bis(triisopropylsilylethynyl) Pentacene Organic Field-Effect Transistors Utilizing Poly(p-silsesquioxane) Insulating Layers with Various Ratios of Phenol Groups},
  Author                   = {Y. Nakanishi and H. Kajii and K. Tamura and Y. Ohmori},
  Journal                  = {Jpn. J. Appl. Phys.},
  Year                     = {2012},
  Number                   = {4, Pt. 2},
  Pages                    = {04DK03/1~--~04DK03/5},
  Volume                   = {51},

  Owner                    = {Simon},
  Timestamp                = {2013.08.12}
}

@Article{Nicholson_1966,
  Title                    = {Semiempirical Procedure for Measuring with Stationary Electrode Polarography Rates of Chemical Reactions Involving the Product of Elctron Transfer},
  Author                   = {R. S. Nicholson},
  Journal                  = {Anal. Chem},
  Year                     = {1966},
  Pages                    = {1406},
  Volume                   = {38},

  Copy                     = {RK_57},
  File                     = {:D\:\\rk\\Literatur\\Allgemein\\RK_57.pdf:PDF},
  Owner                    = {rk},
  Timestamp                = {2011.08.08}
}

@Article{Nicholson_1965,
  Title                    = {Theory and Application of Cyclic Voltammetry f m Measurement of Electrode Reaction Kinetics},
  Author                   = {R. S. Nicholson},
  Journal                  = {Anal. Chem.},
  Year                     = {1965},
  Number                   = {11},
  Pages                    = {1351~--~1355},
  Volume                   = {37},

  Owner                    = {Simon},
  Timestamp                = {2013.08.28}
}

@Article{Nicholson/Shain_1964,
  Title                    = {Theory of Stationary Electrode Polarography 
Single Scan and Cyclic Methods Applied to Reversible, Irreversible, and Kinetic Systems},
  Author                   = {R. S. Nicholson and I. Shain},
  Journal                  = {Anal. Chem.},
  Year                     = {1964},
  Pages                    = {706~--~723},
  Volume                   = {36},

  Copy                     = {RK_14},
  File                     = {:D\:\\rk\\Literatur\\Allgemein\\RK_14.pdf:PDF},
  Owner                    = {rk},
  Timestamp                = {2011.05.09}
}

@Article{Passon_2011,
  Title                    = {Cyclovoltammetrie alkylsubstituierter Viologene},
  Author                   = {M. Passon},
  Journal                  = {Wissenschaftliche Arbeit im Fach Chemie, Universität Tübingen},
  Year                     = {2011},

  Owner                    = {rk},
  Timestamp                = {2011.09.06}
}

@Article{Petrovski/Braga/etal_2005,
  Title                    = {Synthesis of ferrocenyldiimine metal carbonyl complexes and an investigation of the Mo adduct encapsulated in cyclodextrin},
  Author                   = {Z. Petrovski and S. S. Braga and S. S. Rodrigues and C. C. L. Pereira and I. S. Gon\c{c}alves and M. Pillinger and C. Freire and C. C. Rom\~{a}o},
  Journal                  = {New J. Chem.},
  Year                     = {2005},
  Pages                    = {347~--~354},
  Volume                   = {29},

  Copy                     = {RK_31},
  File                     = {:D\:\\rk\\Literatur\\Bis-Fc\\RK_31.pdf:PDF},
  Owner                    = {rk},
  Timestamp                = {2011.05.10}
}

@Article{Picciolo/Murata/etal_2001,
  Title                    = {Organic light-emitting devices with saturated red emission using 6,13-diphenylpentacene},
  Author                   = {L. C. Picciolo and H. Murata and Z. H. Kafafi},
  Journal                  = {Appl. Phys. Lett.},
  Year                     = {2001},
  Number                   = {16},
  Pages                    = {2378~--~2380},
  Volume                   = {78},

  Owner                    = {Simon},
  Timestamp                = {2013.08.09}
}

@Article{Pierce/Geiger_1989,
  Title                    = {Splitting of a Two-Electron Cyclic Voltammetric Wave into Its One-Electron Components: The \(\eta-C_{6}Me_{6}\)_{2}Ru^{2+/+/0} Couples},
  Author                   = {D. T. Pierce and W. E. Geiger},
  Journal                  = {J. Am. Chem. Soc.},
  Year                     = {1989},
  Pages                    = {7636~--~7638},
  Volume                   = {111},

  Copy                     = {RK_24},
  File                     = {:D\:\\rk\\Literatur\\RK_24.pdf:PDF},
  Owner                    = {rk},
  Timestamp                = {2011.05.10}
}

@Article{Plumere_2009,
  Title                    = {Redox-active Modification of Silica Surfaces vie Silicon-Carbon Bond Formation},
  Author                   = {N. Plumeré},
  Journal                  = {Dissertation, Universit\"at T\"ubingen},
  Year                     = {2009},

  Copy                     = {RK_45},
  Owner                    = {rk},
  Timestamp                = {2011.07.26}
}

@Article{Polcyn/Shain_1966,
  Title                    = {Multistep Charge Transfers in Stationary Electrode Polarography},
  Author                   = {D.S. Polcyn and I. Shain},
  Journal                  = {Anal. Chem.},
  Year                     = {1966},
  Pages                    = {370~--~375},
  Volume                   = {38},

  Copy                     = {RK_64},
  File                     = {:D\:\\rk\\Literatur\\Allgemein\\RK_64.pdf:PDF},
  Keywords                 = {EE,Mehrelektronenuebergaenge},
  Owner                    = {Simon},
  Timestamp                = {2013.08.27}
}

@Article{Raabe/Wagner/etal_2009,
  Title                    = {Tetraalkylammonium Salts of Weakly Coordinating Aluminates: Ionic Liquids, Materials for Elekctrochemical Applications and Useful Compounds for Anion Investigation},
  Author                   = {I. Raabe and K. Wagner and K. Guttsche and M. Wang and M. Gr"atzel and G. Santiso-Qui{\~n}ones and I. Krossing},
  Journal                  = {Chem. Eur. J.},
  Year                     = {2009},
  Pages                    = {1966~--~1976},
  Volume                   = {15},

  Copy                     = {RK_33},
  File                     = {:D\:\\rk\\Literatur\\SciFinder Leitsalz\\RK_33.pdf:PDF},
  Owner                    = {rk},
  Timestamp                = {2011.06.01}
}

@Article{Reinmuth_1957,
  Title                    = {Nernst-controlled Currents in Hanging-drop Polarography},
  Author                   = {W. H. Reinmuth},
  Journal                  = {J. Am. Chem. Soc.},
  Year                     = {1957},
  Pages                    = {6358~--~6360},
  Volume                   = {79},

  Copy                     = {RK_79},
  File                     = {:D\:\\rk\\Literatur\\Allgemein\\RK_79.pdf:PDF},
  Owner                    = {rk},
  Timestamp                = {2011.08.24}
}

@Article{Reisenhofer/Costa_1981,
  Title                    = {Effect of Solvents on Electrode Processes of Cobalt {S}chiff Base Complexes and their Organometallic Derivatives},
  Author                   = {E. Reisenhofer and G. Costa},
  Journal                  = {Inorg. Chim. Acta},
  Year                     = {1981},
  Pages                    = {121~--~124},
  Volume                   = {49},

  Copy                     = {RK_67},
  Keywords                 = {Co-Komplexe},
  Owner                    = {Simon},
  Timestamp                = {2013.08.27}
}

@Article{Reissig_2008a,
  Title                    = {Elektrochemie von redoxaktiv modifizierten Silsesquioxanen},
  Author                   = {T. Reissig},
  Journal                  = {Wissenschaftliche Arbeit im Fach Chemie, Universität Tübingen},
  Year                     = {2008},

  Owner                    = {rk},
  Timestamp                = {2011.08.10}
}

@Article{Ribou/Launay/etal_1996,
  Title                    = {Intervalence Electron Transfer in MIxed Valence Diferrocenylpolyenes. Decay Law of the Metal-Metal Coupling with Distance},
  Author                   = {A.-C. Ribou and J.-P. Launay and M. L. Sachtleben and H. Li and C. W. Spangler},
  Journal                  = {Inorg. Chem.},
  Year                     = {1996},
  Pages                    = {3735~--~3740},
  Volume                   = {35},

  Copy                     = {RK_86},
  File                     = {:D\:\\rk\\Literatur\\Bis-Fc\\RK_86.pdf:PDF},
  Owner                    = {rk},
  Timestamp                = {2011.09.06}
}

@Article{Rogers/Bao/etal_2001,
  Title                    = {Paper-like electronic displays: Large-area rubberstamped plastic sheets of electronics and microencapsulated electrophoretic inks},
  Author                   = {J. A. Rogers and Z. Bao and K. Baldwin and A. Dodabalapur and B. Crone and V. R. Raju and V. Kuck and H. Katz and K. Amundson and J. Ewing and P. Drzaic},
  Journal                  = {PNAS},
  Year                     = {2001},
  Number                   = {9},
  Pages                    = {4835~--~4840},
  Volume                   = {98},

  Owner                    = {Simon},
  Timestamp                = {2013.08.12}
}

@Article{Rudolph/Reddy/etal_1994,
  Title                    = {A Simulator for Cyclic Voltammetric Responses},
  Author                   = {M. Rudolph and D. P. Reddy and S. W. Feldberg},
  Journal                  = {Anal. Chem.},
  Year                     = {1994},
  Pages                    = {589A~--~600A},
  Volume                   = {66},

  Owner                    = {Simon},
  Timestamp                = {2013.09.08}
}

@Article{Salmi/Busetto/etal_2011,
  Title                    = {New and Selective Routes to Functionalized Biferrocenes and Terferrocenes by [3 $+$ 2] Cycloadditions of Alkynes with Bridging C$_3$ Ligands in Diiron Complexes},
  Author                   = {M. Salmi and L. Busetto and R. Mazzoni and S. Zacchini and V. Zanotti},
  Journal                  = {Organometallics},
  Year                     = {2011},
  Pages                    = {1175~--~1181},
  Volume                   = {30},

  Copy                     = {RK_3},
  Coworkers                = {ARu,RK},
  File                     = {:D\:\\rk\\Literatur\\Bis-Fc\\RK_3.pdf:PDF},
  Owner                    = {rk},
  Projects                 = {ZET},
  Timestamp                = {2011.05.09},
  Topics                   = {Ferrocene}
}

@Article{Santi/Orian/etal_2007,
  Title                    = {Metal-Metal Electronic Coupling in {\em syn} and {\em anti} Stereoisomers of Mixed-Valent \(FeCp\)_{2}-, \(RhL_{2}\)_{2}-, and \(FeCp\)\(RhL_{2}\)-{\em as}-Indacenediide Ions},
  Author                   = {S. Santi and L. Orian and C. Durante and E. Z. Bencze and A. Bisello and A. Donoli and A. Ceccon and F. Benetollo and L. Crociani},
  Journal                  = {Chem. Eur. J.},
  Year                     = {2007},
  Pages                    = {7933~--~7947},
  Volume                   = {13},

  Copy                     = {RK_23},
  Owner                    = {rk},
  Timestamp                = {2011.05.10}
}

@Article{Scheurer_2010,
  Title                    = {Cyclovoltammetrische Charakterisierung von alkylsubstituierten Ferrocenderivaten},
  Author                   = {M. Scheurer},
  Journal                  = {Wissenschaftliche Arbeit im Fach Chemie},
  Year                     = {2010},

  Owner                    = {Simon},
  Timestamp                = {2013.08.27}
}

@Article{Schmechel/Ahles/Seggern_2005,
  Title                    = {A pentacene ambipolar transistor. Experiment and theory},
  Author                   = {R. Schmechel and M. Ahles and H. von Seggern},
  Journal                  = {J. Appl. Phys.},
  Year                     = {2005},
  Number                   = {8},
  Pages                    = {084511/1~--~084511/6},
  Volume                   = {98},

  Owner                    = {Simon},
  Timestamp                = {2013.08.09}
}

@Article{Shao/Sista/etal_2007,
  Title                    = {Enhancement of tetracene photovoltaic devices with heat treatment},
  Author                   = {Y. Shao and S. Sista and C.-W. Chu and D. Sievers and Y. Yang},
  Journal                  = {Appl. Phys. Lett.},
  Year                     = {2007},
  Number                   = {10},
  Pages                    = {103501/1~--~103501/3},
  Volume                   = {90},

  Owner                    = {Simon},
  Timestamp                = {2013.08.09}
}

@Article{Sheats_2004,
  Title                    = {Manufacturing and commercialization issues in organic electronics},
  Author                   = {J. R. Sheats},
  Journal                  = {J. Mater. Res.},
  Year                     = {2004},
  Number                   = {7},
  Pages                    = {1974~--~1989},
  Volume                   = {19},

  Owner                    = {Simon},
  Timestamp                = {2013.08.09}
}

@Article{Siebler/Foerster/etal_2011,
  Title                    = {Biferrocene Amino Acid, a Ferrocenylogoue of Ferrocene Amino Acid: Synthesis, Cross-Linking, and Redox Chemistry},
  Author                   = {D. Siebler and C. Förster and T. Gasi and K. Heinze},
  Journal                  = {Organometallics},
  Year                     = {2011},
  Pages                    = {313~--~327},
  Volume                   = {30},

  Copy                     = {RK_6},
  Coworkers                = {RK},
  File                     = {:D\:\\rk\\Literatur\\Bis-Fc\\RK_6.pdf:PDF},
  Owner                    = {rk},
  Projects                 = {ZET},
  Timestamp                = {2011.05.09}
}

@Article{Siebler/Linseis/etal_2011,
  Title                    = {Oligonuclear Ferrocene Amides: Mixed-Valent Peptides and Potential Redox-Switchable Foldamers},
  Author                   = {D. Siebler and M. Linseis and T. Gasi and L. M. Carrella and R. F. Winter and C. F\"orster and K. Heinze},
  Journal                  = {Chem. Eur. J.},
  Year                     = {2011},
  Pages                    = {4540~--~4551},
  Volume                   = {17},

  Copy                     = {RK_9},
  File                     = {:D\:\\rk\\Literatur\\Bis-Fc\\RK_9.pdf:PDF},
  Owner                    = {rk},
  Timestamp                = {2011.05.09}
}

@Article{Solntsev/Dudkin/etal_2011,
  Title                    = {Electronic Communications in ($Z$)-Bis(ferrocenyl) ethylenes with Electron-Withdrawing Substituents},
  Author                   = {P.V. Solntsev and S.V. Dudkin and J.R. Sabin and V.N. Nemykin},
  Journal                  = {Organometallics},
  Year                     = {2011},
  Pages                    = {3037~--~3046},
  Volume                   = {30},

  Copy                     = {RK_55},
  Coworkers                = {RK,ARu},
  File                     = {:D\:\\rk\\Literatur\\Bis-Fc\\RK_55.pdf:PDF},
  Owner                    = {Simon},
  Projects                 = {ZET},
  Timestamp                = {2013.08.27},
  Topics                   = {Bisferrocen}
}

@Article{Son/Kang/etal_2009,
  Title                    = {Electrochemical Properties of Di-Ferrocenes Linked by $\pi$-Bridge},
  Author                   = {K.-I. Son and S.-Y. Kang and Y.E. Oh and D.-Y. Noh},
  Journal                  = {J. Korean Chem. Soc.},
  Year                     = {2009},
  Pages                    = {79~--~83},
  Volume                   = {53},

  Copy                     = {RK_90},
  Coworkers                = {JJ},
  File                     = {:D\:\\rk\\Literatur\\Bis-Fc\\RK_90.pdf:PDF},
  Owner                    = {Simon},
  Projects                 = {ZET},
  Timestamp                = {2013.08.27},
  Topics                   = {Ferrocene}
}

@InCollection{Speiser_2004a,
  Title                    = {Methods to Investigate Mechanisms of Electroorganic Reactions},
  Author                   = {B. Speiser},
  Booktitle                = {Encyclopedia of Electrochemistry, Vol. 8 Organic Electrochemistry},
  Publisher                = {Wiley-VCH},
  Year                     = {2004},

  Address                  = {Weinheim},
  Chapter                  = {1},
  Editor                   = {A.J. Bard and M. Stratmann and H. Sch\"afer},
  Pages                    = {1~--~23},

  Checked                  = {+},
  Copy                     = {Sonderdruck Buchkapitel5;KL 143},
  Owner                    = {Simon},
  Timestamp                = {2013.08.27},
  Topics                   = {EAMethoden}
}

@InCollection{Speiser_2003,
  Title                    = {Linear Sweep and Cyclic Voltammetry},
  Author                   = {B. Speiser},
  Booktitle                = {Encyclopedia of Electrochemistry, Vol. 3 Instrumentation and Electroanalytical Chemistry},
  Publisher                = {Wiley-VCH},
  Year                     = {2003},

  Address                  = {Weinheim},
  Chapter                  = {2.1},
  Editor                   = {A.J. Bard and M. Stratmann and P. Unwin},
  Pages                    = {81~--~104},

  Checked                  = {+},
  Copy                     = {Sonderdruck Buchkapitel3;KL 100},
  Owner                    = {Simon},
  Timestamp                = {2013.08.27},
  Topics                   = {EAMethoden}
}

@InCollection{Speiser_1998,
  Title                    = {Elektroanalytische Methoden},
  Author                   = {B. Speiser},
  Booktitle                = {Bioanalytische und biochemische Labormethoden},
  Publisher                = {Vieweg},
  Year                     = {1998},

  Address                  = {Braunschweig/Wiesbaden},
  Editor                   = {K.E. Geckeler and H. Eckstein},
  Pages                    = {301~--~370},

  Checked                  = {+},
  Copy                     = {Original;in BS Bu174},
  Owner                    = {Simon},
  Timestamp                = {2013.08.27}
}

@Article{Speiser_1981a,
  Title                    = {Elektroanalytische Methoden II: Cyclische Voltammetrie},
  Author                   = {B. Speiser},
  Journal                  = {Chem. in uns. Zeit},
  Year                     = {1981},
  Pages                    = {62~--~67},
  Volume                   = {15},

  Copy                     = {RK_17},
  File                     = {:D\:\\rk\\Literatur\\Allgemein\\RK_17.pdf:PDF},
  Owner                    = {rk},
  Timestamp                = {2011.05.09}
}

@Article{Speiser_1981b,
  Title                    = {Elektroanalytische Methoden I: Elektrodenreaktionen und Chronoamperometrie},
  Author                   = {B. Speiser},
  Journal                  = {Chem. in uns. Zeit},
  Year                     = {1981},
  Pages                    = {21~--~26},
  Volume                   = {15},

  Copy                     = {RK_18},
  File                     = {:D\:\\rk\\Literatur\\Allgemein\\RK_18.pdf:PDF},
  Owner                    = {rk},
  Timestamp                = {2011.05.09}
}

@InProceedings{Speiser/Duemmling_1999,
  Title                    = {{Zweielektronentransfer-Redoxsysteme, Teil 1. Cyclovoltammetrische Charakterisierung von Zweielektronentransfers an organischen und metallorganischen Molek"ulen}},
  Author                   = {B. Speiser and S. D"ummling},
  Booktitle                = {{Elektrochemische Reaktionstechnik und Synthese --- Von den Grundlagen bis zur industriellen Anwendung}},
  Year                     = {1999},
  Editor                   = {J. Russow and G. Sandstede and R. Staab},
  Pages                    = {33~--~39},

  Checked                  = {+},
  Copy                     = {RK_46},
  Keywords                 = {Mehrelektronenuebergaenge},
  Owner                    = {Simon},
  Timestamp                = {2013.08.27}
}

@Article{Stahl_1995,
  Title                    = {[Co^[III](salen)]^+ und seine Reaktionen mit Anilinen},
  Author                   = {H. Stahl},
  Journal                  = {Dissertation, Universit\"at T\"ubingen},
  Year                     = {1995},

  Copy                     = {RK_60},
  Owner                    = {rk},
  Timestamp                = {2011.08.08}
}

@Article{Stewart/Paradee/etal_2010,
  Title                    = {Anodic oxidation of organometallic sandwich complexes using \[Al\(CO\(CF_{3}\)_{3}\)_{4}\]^{-} or \[AsF_{6}\]^{-} as the supporting electrolyte anion},
  Author                   = {M. P. Stewart and L. M. Paradee and I. Raabe and N. Trapp and J . S. Slattery and I. Krossing and W. E. Geiger},
  Journal                  = {J. Fluorine Chem.},
  Year                     = {2010},
  Pages                    = {1091~--~1095},
  Volume                   = {131},

  Copy                     = {RK_26},
  File                     = {:D\:\\rk\\Literatur\\Lömi\\RK_26.pdf:PDF},
  Owner                    = {rk},
  Timestamp                = {2011.05.10}
}

@Article{Tezcan/Ekmekci_2013,
  Title                    = {Electrochemical properties of 1,3-disubstituted methyl methoxyphenyl-5-phenylformazans and comparison with spectral properties},
  Author                   = {H. Tezcan and G. Ekmekci and M. L. Aksu},
  Journal                  = {Turk. J. Chem.},
  Year                     = {2013},
  Pages                    = {57~--~ 65},
  Volume                   = {37},

  Owner                    = {Simon},
  Timestamp                = {2013.09.10}
}

@Article{Timofte/Pitual/etal_2007,
  Title                    = {Ionic Liquids with Perfluorinated Alkoxyaluminates},
  Author                   = {T. Timofte and S. Pitula and A.-V. Mudring},
  Journal                  = {Inorg. Chem.},
  Year                     = {2007},
  Pages                    = {10938~--~10940},
  Volume                   = {46},

  Copy                     = {RK_36},
  File                     = {:D\:\\rk\\Literatur\\SciFinder Leitsalz\\RK_36.pdf:PDF},
  Owner                    = {rk},
  Timestamp                = {2011.06.01}
}

@Article{Watanabe/Chen/etal_2013,
  Title                    = {Acenes Generated from Precursors and Their Semiconducting Properties},
  Author                   = {M. Watanabe and K.-Y. Chen and Y. J. Chang and T. J. Chow},
  Journal                  = {Acc. Chem. Res.},
  Year                     = {2013},
  Number                   = {7},
  Pages                    = {1606~--~1615},
  Volume                   = {46},

  Owner                    = {Simon},
  Timestamp                = {2013.08.09}
}

@Article{Wu/Guo/etal_2011,
  Title                    = {Alkynyl-Bridged Ruthenium(II) 4'-Diferrocenyl-2,2':6',2''-terpyridine Electron Transfer Complexes: Synthesis, Structures, and Electrochemical and Spectroscopic Studies},
  Author                   = {K.-Q. Wu and J. Guo and J.-F. Yan and L.-L. Xie and F.-B. Xu and S. Bai and P. Nockemann and Y.-F. Yuan},
  Journal                  = {Organometallics},
  Year                     = {2011},
  Pages                    = {3504~--~3511},
  Volume                   = {30},

  Copy                     = {RK_76},
  File                     = {:D\:\\rk\\Literatur\\Bis-Fc\\RK_76.pdf:PDF},
  Owner                    = {rk},
  Timestamp                = {2011.08.23}
}

@Article{Xu/Chen/etal_1998,
  Title                    = {Surface Coordination Chemistry of YBa_{2}Cu_{3}O_{7-\delta}},
  Author                   = {F. Xu and K. Chen and R. D. Piner and C. A. Mirkin and J. E. Ritchie and J. T. McDevitt and M. O. Cannon and D. Kanis},
  Journal                  = {Langmuir},
  Year                     = {1998},
  Pages                    = {6505~--~6511},
  Volume                   = {14},

  Copy                     = {RK_30},
  File                     = {:D\:\\rk\\Literatur\\Bis-Fc\\RK_30.pdf:PDF},
  Owner                    = {rk},
  Timestamp                = {2011.05.10}
}

@Article{Yoo/Domercq/etal_2004,
  Title                    = {Efficient thin-film Organic solar cells based on Pentacene/C60 heterojunctions},
  Author                   = {S. Yoo and B. Domercq and B. Kippelen},
  Journal                  = {Appl. Phys. Lett.},
  Year                     = {2004},
  Number                   = {22},
  Pages                    = {5427~--~5429},
  Volume                   = {85},

  Owner                    = {Simon},
  Timestamp                = {2013.08.09}
}

@Article{Zara/Machado/etal_1987,
  Title                    = {The electrochemistry of ferrocene in non-aqueous solvents},
  Author                   = {A. J. Zara and S. S. Machado and L. O. S. Bulh{\~o}es},
  Journal                  = {J. Electroanal. Chem.},
  Year                     = {1987},
  Pages                    = {165~--~174},
  Volume                   = {221},

  Copy                     = {RK_12},
  File                     = {:D\:\\rk\\Literatur\\Allgemein\\RK_12.pdf:PDF},
  Owner                    = {rk},
  Timestamp                = {2011.05.09}
}

@Article{Zaumseil/Someya/etal_2003,
  Title                    = {Nanoscale Organic Transistors that use source/drain electrodes supported by high resolution rubber stamps},
  Author                   = {J. Zaumseil and T. Someya and Z. Bao and Y.-L. Loo and R. Cirelli and J. A. Rogers},
  Journal                  = {Appl. Phys. Lett.},
  Year                     = {2003},
  Number                   = {5},
  Pages                    = {793~--~795},
  Volume                   = {82},

  Owner                    = {Simon},
  Timestamp                = {2013.08.09}
}

@Article{Zhang/Song/etal_2011,
  Title                    = {Synthesis, Crystal Structure, Electrochemistry and {\em in Situ} FTIR Spectroelectrochemistry of a Bisferrocene Pyrazole Derivative},
  Author                   = {Q. Zhang and W.-L. Song and A.M.S. Hossain and Z.-D. Liu and G.-J. Hu and Y.-P. Tian and J.-Y. Wu and B.-K. Jin and H.-P. Zhou and J.-X. Yang and S.-Y. Zhang},
  Journal                  = {Dalton Trans.},
  Year                     = {2011},
  Pages                    = {3510~--~3516},
  Volume                   = {40},

  Copy                     = {RK_4},
  Coworkers                = {JS,RK},
  File                     = {:D\:\\rk\\Literatur\\Bis-Fc\\RK_4.pdf:PDF},
  Owner                    = {rk},
  Timestamp                = {2011.05.09},
  Topics                   = {Ferrocene}
}

@Book{Stepnicka_2008,
  Title                    = {Ferrocenes. Ligands, Materials and Biomolecules},
  Editor                   = {P. \v{S}t\v{e}pni\v{c}ka},
  Publisher                = {John Wiley},
  Year                     = {2008},

  Address                  = {Chestester},

  Booktitle                = {Ferrocenes. Ligands, Materials and Biomolecules},
  Copy                     = {UB: 48A3186; BS 7431 (Vorsatzseite, Vorwort, Inhaltsverzeichnis)},
  Owner                    = {Simon},
  Timestamp                = {2013.08.27},
  Topics                   = {Ferrocene}
}

@Book{Boublik/Fried/etal_1984,
  Title                    = {The vapor pressures of pure substances},
  Editor                   = {T. Boublik and V. Fried and E. Hála},
  Publisher                = {Elsevier},
  Year                     = {1984},

  Address                  = {Amsterdam},

  Owner                    = {Simon},
  Timestamp                = {2013.09.04}
}

@Book{Coetzee_1982,
  Title                    = {Recommended Methods for Purification of Solvents and Tests for Impurities},
  Editor                   = {J.F. Coetzee},
  Publisher                = {Pergamon},
  Year                     = {1982},

  Address                  = {Oxford},

  Checked                  = {+},
  Copy                     = {BS Bu157},
  Keywords                 = {Loesungsmittel},
  Owner                    = {Simon},
  Timestamp                = {2013.08.27}
}

@Book{Lide_1995,
  Title                    = {Handbook of Organic Solvents},
  Editor                   = {D.R. Lide},
  Publisher                = {CRC},
  Year                     = {1995},

  Address                  = {Boca Raton},

  Copy                     = {UB: 35A11693; chem S 670},
  Owner                    = {Simon},
  Timestamp                = {2013.08.27}
}

